3308 2479
469 33 1601 101 Ees pere et meri demeurants e illinai

2095 16 861 123 Pres Dsdeau.

2982 34 79 74 3

720 151 2481 118 dequel etant Couché Sur une Banquette dons Sa Chambre

507 296 2696 93 alase de Cope, mais Jaia S'eppit jmemoise Et jugement

501 407 2641 92 Ainte qu'il est appariu Aux Notaires et temoins Joustignes a

520 516 2668 96 fait et dicte le present Son lestament.d ordonnance de Serriere

524 611 1183 101 Jolonte Ainte Qu'il Suit.

688 720 2439 122 Preierement, je declare Avor éte Chargede la Procuration

513 833 2609 95 et des Affanes de jan douat drcede Sepuir, a l'Jsle

516 958 2691 105 de la reunioin, en revesnante de madagatigs ; je suis Sepotitaiie

483 1126 26 41 1

541 1056 2660 122 d'un loffre Et quelques Bardit qui lui appartiennent t une

516 1166 2625 121 Tommé de deus Cents Soixante Piastre Effectives Qui

526 1280 2689 112 Veront remites à ses hersteurs on à leux que Seront charge

511 1382 1784 95 de da Succettion

625 1508 2520 103 je Sonne et leque tout mét Plcait à Ceur de mil plus

516 1640 2367 115 proches parente rqui la loi Appellera a ma Suicithon

549 1758 2570 97 Res ViunsContittent en la mortie indivite Ce la maiton

486 1866 2725 154 qui poccupe, dr e quelques meubles tont dansena chambre

2460 2076 25 94 1

3241 629 39 60 u
