2883 2479
559 114 1840 98 Eue It endir lible ta Signe pres Avor repéé teule

2314 86 534 98 eute et umeme

539 216 2269 100 dimpotition pour lan Sia cilivice par àmaulqné teuyenr

2159 229 42 49 3e

2427 174 378 87 Sa quetlouce

535 290 2226 131 de Ce Canton le Virgt necef Ermmal derier Sout le nuniera 749

710 428 2111 91 Sur la premiere minutte des pretestes Restée en la

579 512 2226 102 dossestion Ie Note lan des notaires Toustignes ett Ccrit

519 607 2302 113 M outoté au port n.c le dix touit Frainial An Sept digne

550 696 1820 109 Marchandise que a marque Rau mille lievric

976 823 977 94 Suit la teneur de lanneve.

611 942 2265 97 Lardevant Le Ce Fancois Cunemonr Brun notaire Public en lette

502 1042 2369 112 Jsle et En prusence des temoins Cy a près nommes, Est Comparie

513 1136 2331 107 la C. Marie quéard Veuve du Pitoyen Nicolat Jarré Semeurant

692 1119 91 55 dene

531 1236 2316 117 en le port paroiste Et Louis Rui des pamplemoustes laquelle

538 1327 2234 110 considerant la Certitude de la mort lle dange den Etie

539 1424 2308 108 Surmite avant davoir mis orire a ses affanes à dans la

535 1532 2319 104 pleime jousstance de Ses ent Esprit me moire et entendement

527 1625 2307 100 ainti qu'il a apparu aux dits notaires E temoins fait

553 1713 1637 113 dicte Son testament de la maniire Suivante.

720 1830 2114 102 Se declare n'avoir dons le moment Aucune dette et setpere

537 1912 2312 123 de ne pas En Contracter a l'avenur mis faciltes Contittent En

526 1999 698 98 monPetit mobilier

652 2074 2182 126 Diserant reconnoitre le d'ervice Qui la nommée fanchon

527 2171 2281 113 indienne mon Esclave me rend depuis ; slus de disant et

531 2271 2309 122 dans l'Espoir qu'ille me les continuere jutqu'a ma moit je

535 2360 1905 113 de clare laffranchir et Veux du elle soit libre après mo
