3183 2479
2353 38 718 94 ci ut quarcente uni

280 92 2342 110 da Requisition Signe Beten L Rivicte Nctaire

260 229 2833 111 En marge. Est Ecrit Coutrote Au port dtc. Jle de france

3141 260 19 51 1

291 366 1021 142 le I8 Vudecaice An J.

1337 373 1679 109 Necu ilte livrer Signe Server.

779 521 2196 108 ollationne lax les notaiie son signes Sui

765 630 2273 127 ia menicte Restee En la possestion de Revière

758 779 2228 105 lun vesactainest Soussigue, au port mori

768 919 2083 102 ouist le douze Mittidod au sept de la

768 1026 2253 136 Republique fancaite une l endivihble Signe

305 1276 2756 117 Eenegistre par moi Eteenne huancuthie husson Greffier du libuns cevil els se

738 1172 1070 110 Chasteau . Rivière.

311 1385 2752 129 de fance pussigne sur ma ixpedition du det testavent ainoi peseuté dect

331 1479 153 102 effet

327 1547 2609 133 Ausoit duMore Ocett Jle de france le quatoire Messidai en sept de la

325 1655 1136 122 Republique francais une lme

1557 1658 296 117 Busson

1895 2030 45 66 1

5 2017 1837 121 al patte lccord E Conditionse ictre laal

2031 2071 1080 150 Luclecr  Lia Puanciert

1123 2174 290 92 Ait 1

305 2334 17 34 —

432 2277 1231 138 ducedent Concerdat Se houvant

1695 2364 977 112 au nulle. Au mcyent
