<?xml version="1.0" encoding="UTF-8"?>
<alto xmlns:xsi="http://www.w3.org/2001/XMLSchema-instance"
      xmlns="http://www.loc.gov/standards/alto/ns-v4#"
      xsi:schemaLocation="http://www.loc.gov/standards/alto/ns-v4# http://www.loc.gov/standards/alto/v4/alto-4-2.xsd">
  <Description>
    <MeasurementUnit>pixel</MeasurementUnit>
    <sourceImageInformation>
      <fileName>JK14_2.pdf_page_52.png</fileName>
      <fileIdentifier>pdf//JK14_2.pdf</fileIdentifier>
    </sourceImageInformation>
  </Description>
  <Tags>
    <OtherTag ID="BT8" LABEL="DamageZone" DESCRIPTION="block type DamageZone"/><OtherTag ID="BT12" LABEL="MainZone" DESCRIPTION="block type MainZone"/><OtherTag ID="BT13" LABEL="MarginTextZone" DESCRIPTION="block type MarginTextZone"/><OtherTag ID="BT15" LABEL="NumberingZone" DESCRIPTION="block type NumberingZone"/><OtherTag ID="BT17" LABEL="QuireMarksZone" DESCRIPTION="block type QuireMarksZone"/><OtherTag ID="BT543" LABEL="CustomZone:closer" DESCRIPTION="block type CustomZone:closer"/><OtherTag ID="BT544" LABEL="CustomZone:paraph" DESCRIPTION="block type CustomZone:paraph"/><OtherTag ID="BT545" LABEL="DigitizationArtefactZone:fingers" DESCRIPTION="block type DigitizationArtefactZone:fingers"/><OtherTag ID="BT546" LABEL="NumberingZone:document" DESCRIPTION="block type NumberingZone:document"/><OtherTag ID="BT547" LABEL="NumberingZone:folio" DESCRIPTION="block type NumberingZone:folio"/><OtherTag ID="BT548" LABEL="NumberingZone:page" DESCRIPTION="block type NumberingZone:page"/><OtherTag ID="BT549" LABEL="text" DESCRIPTION="block type text"/>
    <OtherTag ID="LT8" LABEL="DefaultLine" DESCRIPTION="line type DefaultLine"/><OtherTag ID="LT10" LABEL="HeadingLine" DESCRIPTION="line type HeadingLine"/><OtherTag ID="LT11" LABEL="InterlinearLine" DESCRIPTION="line type InterlinearLine"/><OtherTag ID="LT329" LABEL="default" DESCRIPTION="line type default"/>
  </Tags>
  <Layout>
    <Page WIDTH="2650"
          HEIGHT="2479"
          PHYSICAL_IMG_NR="51"
          ID="eSc_dummypage_">
      <PrintSpace HPOS="0"
                  VPOS="0"
                  WIDTH="2650"
                  HEIGHT="2479">
        <TextBlock HPOS="143"
                   VPOS="0"
                   WIDTH="2472"
                   HEIGHT="2306"
                   ID="eSc_textblock_112bdd2b"
                   TAGREFS="BT549">
          <Shape><Polygon POINTS="217 0 2582 0 2615 483 2604 538 2560 560 2610 556 2610 577 2560 572 2538 698 2494 732 2516 765 2499 853 2510 1001 2499 1078 2455 1162 2433 1344 2450 1546 2422 1728 2461 1789 2400 2009 2351 2031 1970 2069 1013 2119 914 2163 902 2196 869 2209 858 2268 825 2290 556 2306 539 2203 472 2152 402 2141 380 2086 369 1790 402 1469 385 1327 424 1178 407 1030 363 907 391 830 363 556 253 549 236 527 253 468 198 268 203 214 143 147 170 60 217 0"/></Shape>
          <TextLine ID="eSc_line_9fb1ef5d"
                    TAGREFS="LT329"
                    BASELINE="475 60 2048 39 2399 20 2559 19" 
                    HPOS="473"
                    VPOS="1"
                    WIDTH="2086"
                    HEIGHT="83">
            <Shape><Polygon POINTS="2553 1 2539 1 2526 1 2512 1 2498 1 2484 1 2470 1 2457 1 2443 1 2429 1 2415 1 2402 1 2388 1 2381 1 2320 6 2300 1 2291 1 2278 1 2264 1 2250 1 2236 1 2223 1 2209 1 2195 1 2181 1 2167 1 2154 1 2140 1 2137 1 2129 4 2103 13 1924 15 1891 5 1884 4 1882 4 1881 4 1855 6 1750 16 1698 8 1681 5 1680 5 1678 5 1672 8 1645 19 1564 9 1542 6 1541 6 1520 9 1440 23 1289 24 1258 17 1257 17 1256 17 1188 23 1161 13 1151 9 1150 9 1115 9 1114 9 1092 13 1020 28 878 22 877 22 809 30 738 17 729 16 728 16 473 19 475 60 475 84 621 75 651 82 656 82 658 82 679 81 875 63 928 70 929 70 997 66 1017 72 1020 74 1021 74 1023 74 1048 72 1206 59 1232 67 1234 67 1235 67 1370 57 1502 61 1658 67 1659 67 1758 56 1762 56 1765 56 1818 64 1819 64 1864 55 2118 60 2119 60 2192 46 2213 42 2240 45 2285 49 2286 49 2287 49 2300 44 2307 41 2362 42 2486 45 2487 45 2557 37 2559 19 2556 1 2553 1"/></Shape>
	    <String CONTENT="donne pour lui eviter ditre à charge a la Colonie pois lit"
                    HPOS="473"
                    VPOS="1"
                    WIDTH="2086"
                    HEIGHT="83"
                    WC="0.9974995964560015"></String>
          </TextLine>
          <TextLine ID="eSc_line_65ca1eef"
                    TAGREFS="LT329"
                    BASELINE="465 155 2541 122" 
                    HPOS="464"
                    VPOS="86"
                    WIDTH="2077"
                    HEIGHT="86">
            <Shape><Polygon POINTS="465 155 465 165 512 172 513 172 592 163 601 163 608 163 674 172 676 172 743 162 756 161 776 162 893 169 895 169 935 159 943 158 966 159 1066 166 1067 166 1132 157 1156 154 1167 157 1190 163 1191 163 1192 163 1254 155 1280 152 1294 155 1326 162 1327 162 1498 152 1510 152 1535 152 1822 154 1823 154 1824 154 1848 148 1860 145 1884 147 1932 152 1933 152 1981 147 2031 140 2077 145 2105 148 2107 148 2108 148 2122 144 2139 140 2154 144 2159 145 2161 145 2162 145 2188 144 2282 136 2324 141 2341 144 2342 144 2359 141 2397 134 2539 139 2541 122 2538 99 2490 89 2488 89 2421 96 2375 86 2374 86 2373 86 2322 100 2254 92 2253 92 2133 103 2050 90 2049 90 1955 106 1856 101 1855 101 1853 101 1838 108 1838 110 1552 112 1550 112 1420 101 1418 101 1417 101 1363 117 1360 117 1327 117 1326 117 1297 106 1296 106 1294 106 1242 118 1239 118 1234 118 1070 100 1068 100 809 104 808 104 779 115 757 107 756 107 754 107 753 107 720 119 691 108 690 108 637 107 636 107 567 123 464 129 465 155"/></Shape>
	    <String CONTENT="meubll meublans que m&#x27;appartiendions su jour de moir doces"
                    HPOS="464"
                    VPOS="86"
                    WIDTH="2077"
                    HEIGHT="86"
                    WC="0.9806532315139113"></String>
          </TextLine>
          <TextLine ID="eSc_line_5f21bb66"
                    TAGREFS="LT329"
                    BASELINE="468 249 1104 235 1632 232 2319 203 2521 205" 
                    HPOS="466"
                    VPOS="152"
                    WIDTH="2055"
                    HEIGHT="117">
            <Shape><Polygon POINTS="468 249 468 263 747 257 750 257 787 269 789 269 790 269 864 254 867 254 869 254 893 263 895 263 1019 264 1020 264 1176 246 1185 246 1190 246 1245 257 1246 257 1371 243 1404 254 1406 254 1407 254 1541 245 1659 247 1661 247 1804 232 1958 241 1959 241 2041 238 2042 238 2089 225 2166 232 2167 232 2169 232 2199 220 2243 220 2293 218 2296 218 2451 228 2453 228 2521 212 2521 205 2519 152 2236 157 2214 159 2063 185 1999 177 1998 177 1900 190 1856 174 1855 174 1853 174 1852 174 1809 192 1714 194 1667 181 1666 181 1665 181 1663 181 1625 196 1475 187 1473 187 1472 187 1432 202 1249 205 1154 187 1132 184 1130 184 1072 187 1071 187 1061 190 997 212 931 194 929 194 928 194 926 194 833 214 710 218 634 202 633 202 632 202 589 217 466 206 468 249"/></Shape>
	    <String CONTENT="dons la maiton Que jocccipre Aini que les linges lpude1"
                    HPOS="466"
                    VPOS="152"
                    WIDTH="2055"
                    HEIGHT="117"
                    WC="0.9884425954385238"></String>
          </TextLine>
          <TextLine ID="eSc_line_bdf04463"
                    TAGREFS="LT329"
                    BASELINE="483 345 1348 334" 
                    HPOS="482"
                    VPOS="294"
                    WIDTH="866"
                    HEIGHT="73">
            <Shape><Polygon POINTS="483 345 483 355 555 355 556 355 574 367 575 367 577 367 578 367 707 360 709 360 710 360 717 355 720 352 725 355 746 364 747 364 749 364 750 364 772 355 780 352 801 355 820 358 822 358 823 358 830 355 842 351 869 355 913 363 914 363 915 363 932 355 946 349 966 356 977 359 979 359 980 359 999 356 1041 348 1060 348 1072 356 1078 360 1079 360 1081 360 1082 360 1115 356 1165 349 1194 356 1195 356 1196 356 1198 356 1199 356 1201 356 1225 349 1243 356 1246 358 1247 358 1249 358 1250 358 1252 358 1252 356 1264 347 1276 355 1278 355 1279 355 1280 355 1282 355 1298 347 1347 356 1348 334 1344 308 1313 308 1312 307 1302 300 1302 298 1301 298 1300 298 1298 298 1297 298 1296 298 1283 307 1280 309 1228 309 1218 307 1194 297 1192 297 1191 297 1190 297 1188 297 1188 298 1179 307 1176 309 1063 309 1050 305 1023 294 1021 294 1020 294 997 296 995 296 994 296 984 304 975 312 946 304 943 304 942 304 940 304 936 304 900 311 881 304 863 297 862 297 860 297 859 297 858 297 849 304 837 312 814 305 812 305 811 305 809 305 774 315 731 302 716 298 714 298 713 298 712 298 702 302 676 312 482 301 483 345"/></Shape>
	    <String CONTENT="à mon utage Coiporel"
                    HPOS="482"
                    VPOS="294"
                    WIDTH="866"
                    HEIGHT="73"
                    WC="0.9987111955881118"></String>
          </TextLine>
          <TextLine ID="eSc_line_486b1cb8"
                    TAGREFS="LT329"
                    BASELINE="577 433 1772 415 2140 398 2589 391" 
                    HPOS="575"
                    VPOS="341"
                    WIDTH="2014"
                    HEIGHT="113">
            <Shape><Polygon POINTS="577 433 578 442 665 442 707 454 709 454 710 454 752 447 987 447 987 446 988 446 1008 439 1122 448 1123 448 1437 428 1444 428 1462 428 1508 428 1543 437 1545 437 1546 437 1594 428 1640 435 1736 436 1738 436 1785 426 1981 433 1983 433 1984 433 2037 420 2059 426 2060 426 2061 426 2063 426 2089 417 2090 417 2159 424 2161 424 2216 414 2221 413 2377 411 2381 411 2453 425 2454 425 2589 407 2589 391 2585 341 2396 344 2395 344 2388 345 2307 366 2240 353 2239 353 2238 353 2202 362 2158 351 2143 348 2141 348 2140 348 2129 352 2041 382 1965 377 1964 377 1858 385 1772 360 1751 355 1750 355 1749 355 1645 358 1644 358 1622 364 1585 375 1546 373 1545 373 1543 373 1484 392 1254 381 1253 381 1252 381 1229 389 1126 388 1125 388 1123 388 1085 399 1053 392 1052 392 778 404 709 386 672 377 670 377 669 377 575 389 577 433"/></Shape>
	    <String CONTENT="se lui tonne deplus le nomme mitere noir de Catte morambique"
                    HPOS="575"
                    VPOS="341"
                    WIDTH="2014"
                    HEIGHT="113"
                    WC="0.9827511499325434"></String>
          </TextLine>
          <TextLine ID="eSc_line_41540a02"
                    TAGREFS="LT329"
                    BASELINE="458 531 1177 506 1735 499 2057 484 2513 472" 
                    HPOS="457"
                    VPOS="415"
                    WIDTH="2056"
                    HEIGHT="133">
            <Shape><Polygon POINTS="458 531 458 542 488 548 490 548 491 548 512 541 524 537 652 534 666 537 683 541 684 541 685 541 687 541 698 535 706 532 732 535 783 539 785 539 946 535 980 527 990 524 1145 520 1155 523 1176 528 1177 528 1179 528 1225 520 1236 519 1253 519 1331 524 1333 524 1443 513 1483 510 1505 512 1568 517 1570 517 1823 510 1863 501 1873 499 1881 501 1908 508 1910 508 1911 508 2081 495 2121 493 2144 493 2260 498 2261 498 2262 498 2282 488 2285 488 2286 488 2302 495 2304 495 2305 495 2349 487 2360 486 2367 487 2407 494 2408 494 2513 482 2513 472 2508 422 2440 424 2437 424 2395 415 2393 415 2392 415 2360 426 2333 436 2302 431 2301 431 2101 443 2013 442 2004 439 1962 428 1961 428 1959 428 1958 428 1922 439 1826 429 1824 429 1735 447 1706 453 1687 448 1626 435 1625 435 1623 435 1566 453 1560 454 1550 453 1479 444 1477 444 1476 444 1436 457 1422 461 1403 458 1337 447 1336 447 1213 459 1158 450 1156 450 1155 450 1094 468 1081 473 935 476 926 473 866 454 864 454 863 454 546 462 545 462 457 488 458 531"/></Shape>
	    <String CONTENT="agé dEnveron Vingt Ant, en toute propriété jouistance Sa Vu"
                    HPOS="457"
                    VPOS="415"
                    WIDTH="2056"
                    HEIGHT="133"
                    WC="0.9967767050710775"></String>
          </TextLine>
          <TextLine ID="eSc_line_64810c11"
                    TAGREFS="LT329"
                    BASELINE="421 612 1205 601 1921 572 2515 567" 
                    HPOS="420"
                    VPOS="519"
                    WIDTH="2095"
                    HEIGHT="107">
            <Shape><Polygon POINTS="421 612 421 626 713 625 714 625 729 621 749 615 765 619 780 623 782 623 783 623 785 623 797 619 811 614 888 616 966 619 968 619 1286 612 1287 612 1309 605 1313 605 1319 605 1355 611 1356 611 1527 600 1610 596 1640 597 1703 603 1705 603 1776 594 1802 592 1829 593 1917 599 1918 599 2021 588 2046 585 2356 579 2362 579 2402 588 2403 588 2404 588 2436 578 2437 577 2515 575 2515 567 2510 535 2491 538 2477 535 2414 519 2413 519 2411 519 2410 519 2356 537 2340 542 2326 537 2316 534 2315 534 2313 534 2312 534 2301 538 2289 541 2268 538 2178 524 2177 524 2176 524 2132 539 2127 542 2034 553 1911 549 1897 542 1881 537 1880 537 1878 537 1834 544 1742 560 1550 563 1476 553 1475 553 1395 567 1256 560 1254 560 1253 560 1216 571 1181 566 1180 566 1031 575 929 566 928 566 926 566 907 574 855 568 853 568 800 575 743 557 736 556 735 556 734 556 420 561 421 612"/></Shape>
	    <String CONTENT="Pusante de la nommée Marie Velte agée de huit ons malgache"
                    HPOS="420"
                    VPOS="519"
                    WIDTH="2095"
                    HEIGHT="107"
                    WC="0.9926662403961708"></String>
          </TextLine>
          <TextLine ID="eSc_line_a40a43dc"
                    TAGREFS="LT329"
                    BASELINE="444 695 1092 695 2140 659 2519 656" 
                    HPOS="443"
                    VPOS="590"
                    WIDTH="2076"
                    HEIGHT="137">
            <Shape><Polygon POINTS="444 695 446 727 564 713 705 713 729 720 735 721 736 721 738 721 826 718 827 718 834 717 871 707 903 714 915 717 917 717 983 713 1099 705 1118 709 1129 712 1130 712 1132 712 1252 709 1269 705 1301 696 1433 694 1475 699 1504 703 1505 703 1556 698 1616 689 1651 695 1684 699 1685 699 1975 692 2015 684 2048 678 2118 681 2170 684 2172 684 2234 678 2283 674 2293 677 2313 684 2315 684 2316 684 2362 676 2382 672 2403 674 2459 681 2461 681 2519 670 2519 656 2515 616 2384 618 2382 618 2285 590 2283 590 2282 590 2165 593 2104 605 2059 596 2057 596 1947 599 1946 599 1915 611 1869 610 1867 610 1762 630 1743 634 1575 636 1563 633 1453 610 1451 610 1334 612 1271 626 1240 619 1239 619 1238 619 1173 628 1134 621 1133 621 1132 621 1107 628 1021 622 1020 622 1019 622 995 630 958 625 957 625 955 625 871 647 841 655 630 658 608 651 579 643 578 643 530 643 528 643 443 654 444 695"/></Shape>
	    <String CONTENT="pour apris le decis de la ditte maiiainne la ditte Marie"
                    HPOS="443"
                    VPOS="590"
                    WIDTH="2076"
                    HEIGHT="137"
                    WC="0.9966823565108436"></String>
          </TextLine>
          <TextLine ID="eSc_line_531c2809"
                    TAGREFS="LT329"
                    BASELINE="418 783 924 778 1373 760 1634 757" 
                    HPOS="417"
                    VPOS="701"
                    WIDTH="1217"
                    HEIGHT="118">
            <Shape><Polygon POINTS="418 783 418 819 473 819 475 819 477 819 549 796 578 804 579 804 581 804 582 804 583 804 596 794 612 801 614 801 615 801 698 791 710 800 712 800 713 800 714 800 753 791 816 804 825 805 826 805 827 805 831 804 860 787 898 793 899 793 900 793 921 786 955 786 977 797 979 797 980 797 982 797 1027 786 1042 794 1050 800 1052 800 1053 800 1094 802 1096 802 1097 802 1122 791 1143 782 1158 790 1184 804 1185 804 1187 804 1294 802 1344 797 1345 797 1384 780 1393 776 1409 779 1464 790 1465 790 1466 790 1468 790 1488 776 1493 773 1501 775 1575 796 1577 796 1578 796 1579 796 1634 769 1634 757 1632 712 1608 706 1607 706 1605 706 1604 706 1588 714 1572 721 1559 714 1526 701 1524 701 1475 701 1473 701 1472 701 1470 701 1450 713 1429 702 1428 702 1426 702 1293 705 1291 705 1271 716 1227 706 1225 706 1224 706 1223 706 1194 725 1187 731 1167 727 1148 723 1147 723 1145 723 1144 723 1137 728 1123 736 1097 736 1086 729 1070 717 1068 717 1067 717 1030 714 1028 714 1027 714 979 729 951 714 950 714 948 714 947 714 899 735 887 740 877 735 875 735 874 735 873 735 871 735 869 735 844 745 718 747 666 747 655 742 597 720 596 720 595 720 593 720 519 746 506 750 417 750 418 783"/></Shape>
	    <String CONTENT=" Velle Demeurer libre et affranchie."
                    HPOS="417"
                    VPOS="701"
                    WIDTH="1217"
                    HEIGHT="118"
                    WC="0.9677292903264364"></String>
          </TextLine>
          <TextLine ID="eSc_line_1f5766eb"
                    TAGREFS="LT329"
                    BASELINE="589 881 892 870 1437 864 2228 831 2453 831" 
                    HPOS="586"
                    VPOS="768"
                    WIDTH="1867"
                    HEIGHT="129">
            <Shape><Polygon POINTS="589 881 589 897 904 882 936 888 973 896 975 896 1031 895 1033 895 1053 885 1059 882 1081 884 1166 892 1167 892 1169 892 1210 880 1217 878 1235 880 1307 884 1308 884 1309 884 1329 875 1338 873 1352 875 1399 885 1400 885 1896 870 1897 870 1942 856 1954 852 2039 852 2043 853 2064 862 2066 862 2067 862 2068 862 2089 852 2100 845 2453 840 2453 831 2450 793 2407 793 2304 768 2302 768 2246 771 2245 771 2200 791 2181 783 2180 783 2178 783 2177 783 2126 800 2037 776 2035 776 2034 776 2032 776 2010 786 1991 779 1990 779 1988 779 1987 779 1951 794 1864 782 1863 782 1862 782 1767 811 1758 813 1729 812 1666 809 1665 809 1611 816 1592 818 1588 816 1568 809 1567 809 1566 809 1528 818 1517 820 1512 819 1494 811 1493 811 1491 811 1490 811 1464 820 1457 823 1309 827 1293 824 1174 802 1173 802 926 811 925 811 904 820 753 830 752 830 721 841 718 842 586 844 589 881"/></Shape>
	    <String CONTENT="Et pour Executer le présent mon lestament je Choise"
                    HPOS="586"
                    VPOS="768"
                    WIDTH="1867"
                    HEIGHT="129"
                    WC="0.9792621813568414"></String>
          </TextLine>
          <TextLine ID="eSc_line_a1079a95"
                    TAGREFS="LT329"
                    BASELINE="421 977 637 965 1561 947 1871 931 2410 922" 
                    HPOS="418"
                    VPOS="866"
                    WIDTH="1992"
                    HEIGHT="122">
            <Shape><Polygon POINTS="421 977 421 988 610 976 643 984 644 984 645 984 728 983 735 981 761 975 1100 972 1341 969 1378 965 1431 958 1510 961 1585 964 1586 964 1618 958 1656 950 2039 943 2052 946 2068 951 2070 951 2071 951 2115 944 2147 939 2408 936 2410 922 2407 886 2228 866 2227 866 2225 866 2198 875 2152 870 2151 870 2150 870 2105 889 2099 892 2059 895 2034 889 2024 888 2023 888 2021 888 2017 889 2004 897 1925 897 1895 891 1874 886 1873 886 1808 892 1797 892 1793 892 1751 881 1750 881 1749 881 1747 881 1706 892 1669 904 1575 907 1523 907 1480 895 1464 891 1462 891 1461 891 1437 895 1370 910 1287 896 1264 893 1263 893 1261 893 1247 897 1203 910 1161 897 1134 891 1133 891 1132 891 902 895 862 899 860 899 855 900 805 924 716 925 639 921 585 903 582 903 581 903 579 903 418 904 421 977"/></Shape>
	    <String CONTENT="E nomme le dit jean Dastagne pour mon Erseuteur"
                    HPOS="418"
                    VPOS="866"
                    WIDTH="1992"
                    HEIGHT="122"
                    WC="0.9907355194396161"></String>
          </TextLine>
          <TextLine ID="eSc_line_f03f79a0"
                    TAGREFS="LT329"
                    BASELINE="449 1052 771 1041 1173 1038 1594 1024 1970 1003 2491 991" 
                    HPOS="447"
                    VPOS="937"
                    WIDTH="2044"
                    HEIGHT="135">
            <Shape><Polygon POINTS="449 1052 449 1072 687 1057 743 1064 745 1064 789 1054 838 1061 858 1064 859 1064 887 1060 917 1056 943 1059 972 1061 973 1061 1307 1052 1344 1045 1359 1042 1457 1042 1772 1038 1805 1031 1834 1023 2009 1020 2030 1023 2068 1030 2070 1030 2071 1030 2103 1021 2122 1015 2267 1012 2289 1015 2315 1019 2316 1019 2318 1019 2340 1013 2358 1009 2490 1009 2491 991 2486 957 2440 957 2366 937 2364 937 2363 937 2251 947 2180 943 2178 943 2177 943 2115 966 2081 968 2071 969 1980 970 1913 972 1841 954 1840 954 1838 954 1760 957 1758 957 1720 969 1656 959 1655 959 1549 961 1548 961 1475 986 1375 988 1356 990 1347 990 1210 991 1174 983 1173 983 1172 983 1170 983 1141 994 1064 976 1063 976 973 977 972 977 885 1001 809 1003 546 990 545 990 501 994 499 994 447 1013 449 1052"/></Shape>
	    <String CONTENT="testamentaire, lepriant d&#x27;en pmendie la peure; me desaisistant"
                    HPOS="447"
                    VPOS="937"
                    WIDTH="2044"
                    HEIGHT="135"
                    WC="0.9949176994062239"></String>
          </TextLine>
          <TextLine ID="eSc_line_da2592c8"
                    TAGREFS="LT329"
                    BASELINE="446 1127 1170 1114 1921 1086 2185 1070 2448 1068" 
                    HPOS="443"
                    VPOS="1016"
                    WIDTH="2005"
                    HEIGHT="133">
            <Shape><Polygon POINTS="446 1127 446 1149 655 1129 724 1129 754 1138 756 1138 757 1140 805 1140 866 1140 866 1138 867 1138 871 1137 889 1130 910 1136 917 1137 918 1137 920 1137 969 1133 1048 1127 1057 1130 1064 1133 1066 1133 1067 1133 1574 1118 1575 1118 1592 1112 1621 1103 1721 1108 1790 1111 1791 1111 1793 1111 1819 1104 1855 1096 1885 1103 1911 1107 1913 1107 1914 1107 1928 1100 1936 1097 1955 1100 1990 1104 1991 1104 1993 1104 2012 1097 2035 1089 2447 1082 2448 1068 2444 1020 2374 1019 2373 1019 2355 1021 2327 1028 2309 1024 2285 1016 2283 1016 2282 1016 2112 1017 2111 1017 2059 1031 2016 1043 1776 1053 1731 1042 1687 1030 1685 1030 1684 1030 1683 1030 1633 1045 1594 1056 1535 1048 1495 1042 1494 1042 1450 1050 1374 1064 1320 1054 1254 1042 1253 1042 1252 1042 1191 1059 1140 1072 1015 1075 877 1068 706 1059 705 1059 537 1063 535 1063 483 1081 471 1083 443 1082 446 1127"/></Shape>
	    <String CONTENT="acet Effet en ces mains de tousnie biens Suivant la Contume"
                    HPOS="443"
                    VPOS="1016"
                    WIDTH="2005"
                    HEIGHT="133"
                    WC="0.9764276055966393"></String>
          </TextLine>
          <TextLine ID="eSc_line_eef1b3f6"
                    TAGREFS="LT329"
                    BASELINE="567 1211 1874 1176 2075 1156 2397 1141" 
                    HPOS="566"
                    VPOS="1096"
                    WIDTH="1831"
                    HEIGHT="135">
            <Shape><Polygon POINTS="567 1211 567 1231 752 1213 823 1222 834 1224 836 1224 837 1224 845 1222 881 1213 1094 1213 1247 1213 1247 1211 1249 1211 1261 1206 1275 1199 1329 1203 1389 1207 1391 1207 1570 1194 1596 1192 1619 1192 1896 1192 1897 1192 2006 1177 2043 1170 2397 1160 2397 1141 2392 1096 2144 1103 2143 1103 2132 1107 2121 1111 2089 1110 2037 1105 2035 1105 2034 1105 2013 1112 1942 1138 1838 1140 1809 1127 1808 1127 1807 1127 1805 1127 1776 1141 1742 1133 1740 1133 1739 1133 1738 1133 1701 1145 1634 1145 1596 1136 1594 1136 1593 1136 1592 1136 1564 1149 1527 1149 1469 1143 1468 1143 1414 1149 1389 1141 1348 1126 1347 1126 1345 1126 1302 1127 1301 1127 1260 1141 1216 1137 1214 1137 1213 1137 1166 1151 1163 1152 1159 1152 1119 1138 1118 1138 1117 1138 1115 1138 1061 1156 1059 1156 1053 1156 1005 1154 1004 1154 1002 1154 986 1159 968 1166 917 1165 914 1163 866 1145 864 1145 863 1145 862 1145 836 1152 752 1144 750 1144 749 1144 677 1174 674 1176 566 1178 567 1211"/></Shape>
	    <String CONTENT="Ce fut ainti fait Sdicte mot a mot por le d testateur"
                    HPOS="566"
                    VPOS="1096"
                    WIDTH="1831"
                    HEIGHT="135"
                    WC="0.9760641196988663"></String>
          </TextLine>
          <TextLine ID="eSc_line_637cc80f"
                    TAGREFS="LT329"
                    BASELINE="443 1304 830 1284 1538 1268 2199 1232 2424 1225" 
                    HPOS="440"
                    VPOS="1185"
                    WIDTH="1984"
                    HEIGHT="130">
            <Shape><Polygon POINTS="443 1304 444 1312 655 1308 703 1315 705 1315 706 1315 731 1304 735 1302 758 1302 808 1305 809 1305 891 1300 975 1293 1016 1295 1101 1301 1103 1301 1163 1290 1185 1287 1195 1290 1218 1297 1220 1297 1221 1297 1263 1287 1296 1280 1326 1286 1366 1293 1367 1293 1425 1283 1426 1283 1428 1283 1538 1287 1539 1287 1618 1276 1647 1273 1665 1275 1706 1280 1707 1280 1961 1271 1987 1265 2048 1251 2141 1247 2199 1258 2206 1260 2207 1260 2217 1258 2287 1245 2422 1251 2424 1225 2418 1196 2349 1198 2311 1188 2309 1188 2308 1188 2221 1203 2216 1203 2210 1203 2024 1185 2023 1185 2021 1185 1983 1203 1888 1203 1886 1203 1885 1203 1847 1217 1841 1220 1775 1220 1772 1220 1743 1209 1742 1209 1740 1209 1594 1227 1563 1229 1552 1228 1479 1211 1477 1211 1380 1232 1307 1227 1305 1227 1228 1236 1147 1222 1145 1222 1144 1222 1090 1240 1001 1225 999 1225 761 1235 760 1235 692 1260 679 1265 440 1268 443 1304"/></Shape>
	    <String CONTENT="a jean Delin notaire public resident en lette Ville en prelence"
                    HPOS="440"
                    VPOS="1185"
                    WIDTH="1984"
                    HEIGHT="130"
                    WC="0.9729159616288685"></String>
          </TextLine>
          <TextLine ID="eSc_line_ccf62513"
                    TAGREFS="LT329"
                    BASELINE="436 1382 729 1368 1535 1351 2132 1315 2229 1304 2407 1297" 
                    HPOS="433"
                    VPOS="1251"
                    WIDTH="1974"
                    HEIGHT="146">
            <Shape><Polygon POINTS="436 1382 437 1397 512 1385 669 1388 680 1388 681 1388 683 1388 684 1388 707 1378 834 1379 836 1379 837 1379 852 1373 955 1375 1061 1379 1063 1379 1344 1368 1345 1368 1366 1360 1435 1366 1436 1366 1694 1356 1746 1345 1827 1351 1829 1351 1893 1337 1966 1333 2024 1330 2034 1330 2114 1335 2115 1335 2169 1324 2177 1323 2188 1323 2239 1327 2240 1327 2407 1313 2407 1297 2404 1261 2307 1272 2287 1265 2251 1251 2250 1251 2249 1251 2166 1253 2165 1253 2104 1271 2061 1268 2060 1268 1969 1279 1867 1291 1835 1284 1767 1269 1765 1269 1764 1269 1702 1290 1677 1300 1586 1301 1561 1297 1502 1284 1501 1284 1442 1287 1440 1287 1393 1304 1375 1311 1238 1315 1195 1315 1190 1312 1130 1294 1129 1294 1128 1294 1126 1294 1081 1309 1016 1311 957 1298 955 1298 720 1306 670 1318 622 1315 621 1315 619 1315 555 1340 552 1341 433 1344 436 1382"/></Shape>
	    <String CONTENT="eet asisté de jan Daptiste Dibeson Charpentiurr Le de pan"
                    HPOS="433"
                    VPOS="1251"
                    WIDTH="1974"
                    HEIGHT="146"
                    WC="0.9817367708473875"></String>
          </TextLine>
          <TextLine ID="eSc_line_9ee5cb4a"
                    TAGREFS="LT329"
                    BASELINE="426 1465 1658 1415 1882 1399 2391 1377" 
                    HPOS="422"
                    VPOS="1320"
                    WIDTH="1969"
                    HEIGHT="160">
            <Shape><Polygon POINTS="426 1465 426 1475 556 1480 557 1480 790 1470 791 1470 834 1458 836 1458 841 1458 955 1459 957 1459 958 1459 975 1451 976 1451 986 1451 1086 1458 1088 1458 1132 1448 1151 1455 1152 1455 1154 1455 1235 1451 1236 1451 1272 1439 1275 1439 1276 1439 1298 1446 1300 1446 1301 1447 1301 1446 1302 1446 1327 1439 1418 1444 1420 1444 1421 1444 1475 1430 1477 1430 1479 1430 1535 1439 1537 1439 1538 1439 1556 1432 1582 1437 1583 1437 1783 1429 1785 1429 1830 1415 1831 1414 1847 1414 2081 1411 2391 1390 2391 1377 2388 1329 2338 1320 2337 1320 2335 1320 2302 1333 2286 1338 2265 1334 2240 1329 2239 1329 2238 1329 2224 1335 2200 1346 2122 1340 2121 1340 2119 1340 2089 1353 2042 1342 2012 1334 2010 1334 2009 1334 2008 1334 1984 1344 1970 1349 1875 1349 1874 1349 1873 1349 1833 1367 1610 1375 1548 1359 1528 1355 1527 1355 1526 1355 1524 1355 1499 1362 1444 1375 1330 1367 1304 1366 1302 1366 1257 1370 1169 1378 1140 1374 1122 1371 1121 1371 1119 1371 1107 1375 1041 1397 953 1393 951 1393 881 1406 790 1386 787 1386 786 1386 782 1386 670 1414 593 1396 592 1396 422 1399 426 1465"/></Shape>
	    <String CONTENT="Baptiste Nigneron habitant tout deu domiciliet de cett velle"
                    HPOS="422"
                    VPOS="1320"
                    WIDTH="1969"
                    HEIGHT="160"
                    WC="0.9894538263479868"></String>
          </TextLine>
          <TextLine ID="eSc_line_89c47efc"
                    TAGREFS="LT329"
                    BASELINE="428 1542 995 1517 1232 1513 1654 1483 2399 1463" 
                    HPOS="425"
                    VPOS="1404"
                    WIDTH="1974"
                    HEIGHT="152">
            <Shape><Polygon POINTS="428 1542 428 1547 464 1556 465 1556 629 1547 673 1538 691 1535 705 1536 753 1545 754 1545 921 1530 993 1535 994 1535 995 1535 1020 1525 1026 1523 1042 1524 1114 1531 1115 1531 1234 1520 1403 1520 1404 1520 1516 1514 1517 1514 1546 1505 1555 1501 1684 1499 1986 1492 2015 1486 2024 1484 2034 1486 2093 1494 2094 1494 2261 1476 2283 1475 2291 1475 2346 1484 2348 1484 2349 1484 2399 1470 2399 1463 2392 1404 2247 1410 2246 1410 2243 1410 2144 1439 2125 1433 2123 1433 2122 1433 2021 1443 1954 1424 1953 1424 1951 1424 1950 1424 1946 1424 1831 1448 1751 1433 1729 1429 1728 1429 1727 1429 1712 1435 1650 1459 1516 1462 1433 1447 1399 1441 1397 1441 1256 1448 1198 1458 1068 1481 961 1481 925 1470 892 1461 891 1461 889 1461 743 1468 742 1468 692 1481 633 1497 425 1494 428 1542"/></Shape>
	    <String CONTENT="te moins Soussigne et Eajrès Prequis et appelles par le d^e"
                    HPOS="425"
                    VPOS="1404"
                    WIDTH="1974"
                    HEIGHT="152"
                    WC="0.9852214970831144"></String>
          </TextLine>
          <TextLine ID="eSc_line_42c7b305"
                    TAGREFS="LT329"
                    BASELINE="442 1622 1371 1575 1566 1560 2425 1530" 
                    HPOS="439"
                    VPOS="1480"
                    WIDTH="1986"
                    HEIGHT="158">
            <Shape><Polygon POINTS="442 1622 442 1638 878 1620 922 1615 1066 1597 1128 1605 1156 1608 1158 1608 1217 1600 1316 1585 1409 1583 1426 1589 1439 1593 1440 1593 1442 1593 1443 1593 1466 1587 1504 1578 1523 1585 1526 1585 1527 1585 1528 1585 1541 1583 1599 1574 1645 1578 1652 1578 1654 1578 1688 1575 1847 1563 1871 1565 1897 1570 1899 1570 1942 1563 1973 1557 2009 1559 2121 1565 2122 1565 2123 1565 2177 1550 2188 1547 2209 1549 2279 1553 2280 1553 2425 1536 2425 1530 2422 1495 2316 1480 2315 1480 2313 1480 2232 1503 2196 1494 2195 1494 2194 1494 2129 1509 2125 1510 1864 1520 1863 1520 1822 1505 1820 1505 1819 1505 1818 1505 1780 1523 1757 1517 1756 1517 1754 1517 1712 1527 1707 1527 1703 1527 1570 1513 1568 1513 1567 1513 1504 1535 1499 1536 1497 1536 1444 1519 1443 1519 1442 1519 1337 1524 1336 1524 1268 1545 1213 1539 1212 1539 1210 1539 1185 1549 1181 1550 1176 1550 1100 1536 1099 1536 976 1539 975 1539 906 1559 889 1553 888 1553 887 1553 829 1564 815 1567 805 1565 713 1552 712 1552 617 1565 508 1560 506 1560 505 1560 439 1581 442 1622"/></Shape>
	    <String CONTENT="testateur, acquil le pritent son leblament a cte lu et relu"
                    HPOS="439"
                    VPOS="1480"
                    WIDTH="1986"
                    HEIGHT="158"
                    WC="0.987727585485426"></String>
          </TextLine>
          <TextLine ID="eSc_line_44b9f4d7"
                    TAGREFS="LT329"
                    BASELINE="437 1698 1057 1673 1753 1630 2393 1604" 
                    HPOS="435"
                    VPOS="1549"
                    WIDTH="1958"
                    HEIGHT="167">
            <Shape><Polygon POINTS="437 1698 437 1716 582 1700 794 1700 808 1700 808 1699 815 1699 925 1684 1075 1685 1089 1685 1090 1685 1114 1684 1331 1665 1386 1670 1392 1670 1393 1670 1399 1670 1446 1659 1482 1666 1488 1666 1490 1666 1572 1662 1574 1662 1578 1660 1608 1651 1688 1654 1689 1654 1833 1640 1855 1647 1859 1648 1860 1648 1862 1648 1886 1645 1977 1633 2035 1637 2050 1638 2052 1638 2079 1636 2176 1623 2216 1629 2229 1630 2231 1630 2256 1626 2320 1616 2392 1619 2393 1604 2391 1563 2331 1549 2330 1549 2329 1549 2283 1568 2271 1574 2154 1586 2110 1578 2027 1561 2026 1561 2024 1561 1965 1583 1921 1579 1920 1579 1918 1579 1896 1590 1893 1590 1889 1590 1798 1572 1797 1572 1592 1590 1402 1592 1400 1592 1289 1623 1253 1634 801 1655 785 1651 718 1636 717 1636 597 1662 593 1662 589 1662 528 1659 527 1659 435 1670 437 1698"/></Shape>
	    <String CONTENT="uin mot après toutre, a declaré bais lentendre, qu&#x27;il y pertitte"
                    HPOS="435"
                    VPOS="1549"
                    WIDTH="1958"
                    HEIGHT="167"
                    WC="0.9762475322932005"></String>
          </TextLine>
          <TextLine ID="eSc_line_c4becd2a"
                    TAGREFS="LT329"
                    BASELINE="425 1771 1044 1747 1491 1718 2049 1700 2381 1676" 
                    HPOS="422"
                    VPOS="1632"
                    WIDTH="1959"
                    HEIGHT="165">
            <Shape><Polygon POINTS="425 1771 426 1797 572 1786 654 1768 727 1773 728 1773 836 1761 874 1771 875 1771 877 1771 943 1762 990 1766 1031 1769 1033 1769 1166 1762 1167 1762 1187 1755 1214 1744 1265 1751 1286 1753 1287 1753 1311 1749 1367 1736 1439 1740 1440 1740 1442 1740 1466 1729 1578 1727 1605 1732 1648 1740 1650 1740 1692 1732 1728 1738 1729 1738 1819 1720 1858 1713 1886 1716 1906 1718 1907 1718 1955 1713 1986 1709 1994 1710 2027 1720 2028 1720 2030 1720 2086 1718 2088 1718 2126 1705 2224 1709 2225 1709 2227 1709 2272 1695 2278 1692 2381 1688 2381 1676 2377 1632 2315 1644 2205 1640 2172 1640 2170 1640 2169 1640 2159 1643 2104 1663 1908 1670 1852 1660 1851 1660 1849 1660 1802 1677 1593 1685 1519 1678 1464 1673 1462 1673 1360 1677 1279 1691 1218 1702 1151 1700 1148 1699 1115 1688 1114 1688 1112 1688 1017 1692 958 1706 896 1698 895 1698 893 1698 823 1717 804 1721 750 1720 699 1720 670 1709 669 1709 668 1709 615 1720 534 1714 533 1714 422 1738 425 1771"/></Shape>
	    <String CONTENT="et Veut iceluu etre Eeicnte Authtot Son deces Selon Sa foinme et"
                    HPOS="422"
                    VPOS="1632"
                    WIDTH="1959"
                    HEIGHT="165"
                    WC="0.9787702048197389"></String>
          </TextLine>
          <TextLine ID="eSc_line_dd7b8c66"
                    TAGREFS="LT329"
                    BASELINE="403 1837 619 1831" 
                    HPOS="402"
                    VPOS="1776"
                    WIDTH="217"
                    HEIGHT="79">
            <Shape><Polygon POINTS="403 1837 403 1844 429 1855 431 1855 432 1855 504 1845 510 1845 519 1845 545 1849 546 1849 548 1849 553 1846 566 1839 617 1846 619 1831 617 1789 566 1776 564 1776 563 1776 505 1790 468 1779 466 1779 465 1779 464 1779 435 1794 402 1794 403 1837"/></Shape>
	    <String CONTENT="teneur"
                    HPOS="402"
                    VPOS="1776"
                    WIDTH="217"
                    HEIGHT="79"
                    WC="0.943422665198644"></String>
          </TextLine>
          <TextLine ID="eSc_line_ca832c96"
                    TAGREFS="LT329"
                    BASELINE="570 1925 943 1914 1578 1884 1880 1866 2141 1841 2348 1834" 
                    HPOS="567"
                    VPOS="1786"
                    WIDTH="1781"
                    HEIGHT="155">
            <Shape><Polygon POINTS="570 1925 570 1936 622 1941 623 1941 705 1930 713 1929 717 1929 749 1936 750 1936 822 1923 827 1923 831 1923 866 1929 867 1929 869 1929 884 1921 885 1921 891 1921 982 1929 983 1929 1048 1917 1265 1917 1265 1915 1267 1915 1304 1903 1338 1911 1340 1911 1341 1911 1342 1911 1364 1900 1429 1907 1431 1907 1432 1907 1466 1895 1520 1903 1521 1903 1629 1889 1713 1893 1714 1893 1716 1893 1746 1882 1970 1882 1970 1881 2126 1873 2127 1873 2173 1857 2174 1856 2348 1848 2348 1834 2345 1794 2276 1786 2275 1786 2273 1786 2227 1798 2200 1791 2199 1791 2198 1791 2132 1800 2105 1791 2104 1791 2103 1791 1906 1801 1904 1801 1848 1816 1798 1813 1797 1813 1796 1813 1760 1828 1729 1842 1542 1852 1487 1852 1466 1846 1410 1827 1409 1827 1407 1827 1406 1827 1297 1856 1263 1866 1144 1866 1119 1866 1118 1866 1106 1867 1068 1874 1056 1870 1039 1864 1038 1864 1037 1864 986 1874 950 1864 948 1864 947 1864 871 1875 776 1860 775 1860 774 1860 731 1875 658 1873 656 1873 655 1873 567 1897 570 1925"/></Shape>
	    <String CONTENT="ait. E patté en une seule unatte a la requitition"
                    HPOS="567"
                    VPOS="1786"
                    WIDTH="1781"
                    HEIGHT="155"
                    WC="0.9805186342219917"></String>
          </TextLine>
          <TextLine ID="eSc_line_5b41ed18"
                    TAGREFS="LT329"
                    BASELINE="395 2019 618 2003 891 1994 1048 1980 1323 1973 1942 1941 2282 1912" 
                    HPOS="391"
                    VPOS="1852"
                    WIDTH="1891"
                    HEIGHT="186">
            <Shape><Polygon POINTS="1853 1867 1829 1879 1798 1892 1775 1888 1774 1888 1772 1888 1718 1901 1701 1896 1699 1896 1698 1896 1696 1896 1667 1910 1594 1912 1495 1907 1494 1907 1442 1915 1381 1900 1360 1895 1359 1895 1358 1895 1316 1903 1294 1907 1280 1904 1269 1903 1268 1903 1267 1903 1257 1906 1166 1937 914 1950 741 1934 739 1934 738 1934 687 1950 611 1936 608 1936 607 1936 391 1946 395 2019 395 2032 411 2038 413 2038 414 2038 415 2038 439 2030 450 2027 458 2030 468 2032 469 2032 471 2032 561 2023 650 2014 683 2016 721 2019 723 2019 724 2019 745 2013 760 2009 776 2012 822 2017 823 2017 954 2001 1005 1995 1046 1995 1145 1998 1147 1998 1148 1998 1169 1988 1174 1987 1188 1988 1253 1994 1254 1994 1556 1977 1557 1977 1599 1965 1608 1962 1633 1962 1756 1966 1757 1966 1758 1966 1807 1952 1813 1951 1845 1951 2059 1951 2059 1950 2152 1933 2162 1930 2282 1925 2282 1912 2278 1859 2243 1856 2242 1856 2240 1856 2228 1860 2210 1867 2191 1862 2152 1852 2151 1852 2150 1852 2148 1852 2101 1866 2039 1885 1932 1874 1860 1867 1853 1867"/></Shape>
	    <String CONTENT="dis dit Testateur dans Su chambie a Eoté de la ditte"
                    HPOS="391"
                    VPOS="1852"
                    WIDTH="1891"
                    HEIGHT="186"
                    WC="0.9799713549705652"></String>
          </TextLine>
          <TextLine ID="eSc_line_6225ea90"
                    TAGREFS="LT329"
                    BASELINE="402 2098 961 2067 1436 2030 2345 1988" 
                    HPOS="398"
                    VPOS="1928"
                    WIDTH="1947"
                    HEIGHT="214">
            <Shape><Polygon POINTS="402 2098 403 2142 688 2129 690 2129 709 2123 717 2120 735 2120 787 2123 789 2123 790 2123 815 2115 825 2112 834 2114 866 2119 867 2119 869 2119 895 2109 975 2079 1050 2098 1066 2101 1067 2101 1130 2093 1187 2085 1199 2087 1216 2092 1217 2092 1218 2092 1220 2092 1245 2085 1250 2083 1254 2083 1305 2094 1307 2094 1409 2090 1410 2090 1479 2068 1495 2061 1582 2049 1629 2056 1630 2057 1630 2056 1747 2035 1900 2028 1943 2034 1944 2034 1946 2034 1976 2023 2345 2005 2345 1988 2340 1934 2296 1940 2286 1937 2258 1928 2257 1928 2256 1928 2158 1933 2156 1933 2125 1947 2116 1950 2097 1948 2030 1941 2028 1941 1895 1947 1754 1966 1702 1958 1701 1958 1588 1963 1586 1963 1530 1981 1508 1990 1457 1991 1437 1987 1391 1976 1389 1976 1263 1998 1224 2003 1209 2001 1151 1987 1150 1987 1148 1987 1089 2007 1079 2012 994 2016 973 2014 873 2003 871 2003 870 2003 802 2024 797 2027 556 2039 552 2039 483 2023 482 2023 480 2023 425 2046 425 2047 398 2047 402 2098"/></Shape>
	    <String CONTENT="Bonquette, la ditte Chambre Ayant Ju sur la Cour de"
                    HPOS="398"
                    VPOS="1928"
                    WIDTH="1947"
                    HEIGHT="214"
                    WC="0.9781243251819237"></String>
          </TextLine>
        </TextBlock>
        <TextBlock HPOS="88"
                   VPOS="110"
                   WIDTH="15"
                   HEIGHT="20"
                   ID="eSc_textblock_400251e9"
                   TAGREFS="BT549">
          <Shape><Polygon POINTS="90 110 97 110 103 130 88 125 90 110"/></Shape>
        </TextBlock>
        <TextBlock HPOS="225"
                   VPOS="1399"
                   WIDTH="27"
                   HEIGHT="26"
                   ID="eSc_textblock_fed8146e"
                   TAGREFS="BT549">
          <Shape><Polygon POINTS="235 1399 252 1404 246 1425 225 1408 235 1399"/></Shape>
        </TextBlock>
        <TextBlock HPOS="231"
                   VPOS="1503"
                   WIDTH="21"
                   HEIGHT="54"
                   ID="eSc_textblock_dfa859e2"
                   TAGREFS="BT549">
          <Shape><Polygon POINTS="241 1503 252 1509 252 1557 231 1524 241 1503"/></Shape>
        </TextBlock>
        <TextBlock HPOS="242"
                   VPOS="1283"
                   WIDTH="37"
                   HEIGHT="37"
                   ID="eSc_textblock_2dfd076a"
                   TAGREFS="BT549">
          <Shape><Polygon POINTS="250 1283 279 1300 257 1320 242 1315 250 1283"/></Shape>
        </TextBlock>
        <TextBlock HPOS="319"
                   VPOS="600"
                   WIDTH="32"
                   HEIGHT="15"
                   ID="eSc_textblock_7b9f5f9d"
                   TAGREFS="BT549">
          <Shape><Polygon POINTS="329 600 351 605 351 610 319 615 329 600"/></Shape>
        </TextBlock>
      </PrintSpace>
    </Page>
  </Layout>
</alto>
