2942 2479
2071 16 470 79 quale vu yoeuz

2593 55 51 46 5

347 79 2192 119 La pommel Paire néofune Andieund a ces ce Trentt aut

2694 199 141 70 1 oin

331 184 2212 106 J Sest Retire vin ee disectoire de Cete Cloine, qui en frait

2588 252 77 60 1

342 275 2330 105 Paire les Vublication Préscutte Par Ecarrile leeLesdmblie fui

344 371 2234 91 Colontate Tendant le cours Disquelles Publicatiour idunt

2691 425 224 107 Mebunar

358 458 2174 79 torene an cne e Coppositioni ausdits aitt. Vaffranchitteman

174 495 115 71 Aa 44t

309 504 17 53 4

347 539 2575 72 ainsi qu'il sest. Donstate Varle Cevtificatde Vadut nétmal out octea

359 599 2187 92 Viées le Dires fure en datte de dif Sept. fensaire dorqur

972 662 11 51 4

2683 663 224 88 tétel

367 678 2249 102 re présent est recedu; quil à Paise à la Domain purale la

399 768 2197 95 Somme De Cent dept mille Aingeente e ces Pour les Disel

82 794 298 110 tantré

2667 807 54 82 5

498 846 37 49 42

2663 903 50 40 2

315 863 2297 95 leadu dit affancheirement dansé quil qistt de la Quittance

2669 950 54 110 4

283 968 83 71 pe

396 937 2231 91 du it. Zonnusésamé Prisorie ne qorurel disa Doloie du

2714 1026 178 82 aVen

436 1015 2158 95 Viingt in Dudit nmoir finaiie Coffre le Maigt Duun Pavon

406 1093 48 8 1

1177 1076 135 69 Jntte

418 1081 17 77 1

608 1100 17 59 1

378 1097 2251 113 d Réprésente et Rui du; et aipant, par ce masen Remplis tot

236 1192 35 36 3

2656 1165 168 78 14

961 1176 1657 81 Aescuitre Jarne (o Dniaif di care affranchie

264 1227 106 71 de

424 1196 480 123 les formatite

2716 1282 125 59 1009

241 1249 2360 129 dome Comne Par ces lisenée, t ill effranchit de tout Servrde

648 1359 64 49 3oin

2666 1381 21 77 1

2725 1402 116 59 39

472 1319 2372 139 laditet Etavier migsune indienue agae di Trentet aus, dous

373 1411 9 94 1

425 1417 35 77 44

429 1400 2208 145 dar la ditte Clavir Junrset Eser de tous les drus Nrilige

2771 1514 132 100 ble

417 1487 2431 142 et Pierogalive dont Sonisen tit rtent les Cit osenr fancaite ne

417 1586 2244 127 et a sun que la ditte Clavie ne Soit diont à Charde à la

417 1656 2491 145 Colone, leDit Dunsai Cinfrime la Proprute quel lui aveistl se

2650 1750 95 67 45

1034 1769 1567 86 verbalement à lain Doonet dune Casi en

2654 1808 198 67 del 2

1214 1842 10 58 9

414 1786 595 110 Vüce Deiment et

2322 1856 330 94 aela

436 1839 1853 126 Hanchét Convertee eu Ranche Sise au Quartir

435 1912 2245 127 grandé às montacsed de citte ville, dont Elle lui à Gaye

2688 1983 33 55 4

369 2016 2365 110 lle Vuf avant Ee jour et quee avait lui mése a a quire depe

435 2105 2467 138 Marie Valdon a vioree made cait ; d'alelisse au outre les Jeur

763 2218 111 53 AEI7

2818 2266 8 80 1

358 2202 2280 137 de Pourvoist Vuldant quil vivsas, àla duboistance et

2692 2355 42 67 4

329 2294 2336 124 nenfretisis, delà ditte Cfair ; ala quelli il donne Par ces

741 2394 1713 78 Vurement et Somplement, crriv ocablement es

421 2399 299 75 Vresentie.
