2800 2479
497 1 2019 77 cet pour exrcntie le pretent Cettament lai lestatrice à vo

442 37 2268 169 nomme le Cte alin non litre Commanseur de Lalfate de la

920 111 16 52 4

443 143 2290 161 deoubligue; par que elle tent et entend que la succistion soit rece uillie

450 274 2186 130 ee ses dette payees, se lisbaitistant outre sex mainis de tout

454 409 1330 115 des Vienr Juivant la Contume

559 458 2184 143 Ce fut aintir fait it dicté par la d testatrice a jacquis barr Rivière l jean

425 571 2259 135 Deten notaire publics En Cette li en une Chamble qu'elle occupe

433 648 2322 164 daus lal Caté au Tamp des polofe La Cote de sou lit a

426 776 2256 146 Poit du Nord Cuist Me defrance, lan Seyt de la rijniblique francaite

437 893 2144 141 une Lind te quatoize Veudemiaire Apnis mide le pmissil

439 1023 2261 137 a ele lu It elu a la de tettatrice qui a declaie bien tentendre

548 1112 2150 182 que tette Est Sa Volonté; qu'ille Vuit qi soit Executé

447 1260 2255 137 Selon La forme de ténmar, declarant Revoquestous auta

448 1371 2211 175 tistaments Ty devant faites  & notamment Lelui Su ouze

462 1524 2112 124 Dixote dernier Rlica par Rivire lun det Nstaue

1860 1607 68 80 9e

446 1636 2184 147 Soussigne; fretence temoins Bu lad Tettatrice declare

448 1746 2199 164 ne Savoir Segnir Se le Cuquite iet enterpellee Suivent

451 1901 2114 138 la loist le présent tieu, enuni Deute minutte c

644 2083 32 88 2
