2658 2479
385 1 828 44 je orime afean franest

381 4 2126 137 Cuols Musubares et Nosalie leur mère un fassie agale rout ceque

424 111 2061 123 depeux avoir de Orocubles batrie da Cmoine Arquiterie mntre et

367 224 2158 102 Taur Cepeudant que la Nounie Rozalie deur mere feassi

456 319 2075 95 qnde Ni lugaer auune Ses Chosis Mentiomae Pe Sossnr

449 426 2035 89 fans Lapia des Exenteur Te hamentaire  que yevais nomre Je

381 524 39 81 6

445 508 2046 115 leur donne Egaliment aux Munes donditiont deux irs une

403 571 2113 149 Nequene Nommée Saphie Catte Jndimnie Canturier Le Noir Permiqn

450 696 1997 119 pmquier malabard le Cuisiainr mazambregie ja leur Sonne une

2368 757 69 47 14

438 798 2047 106 ome de diy huit tuille Livrere Supotequil sui une maison que

453 902 2054 90 lui Sui le Basare enappartenant layant Bien requis a dore

432 992 2005 96 qui les tetres Le toui au pineimes Cousitionsil Sera aleuu

1641 1059 8 71 1

428 1078 2063 110 Cheix de la fuire vendre toujoursavie l'avis de non Efecmiare

483 1174 2046 120 Teslamentaires Si la Maisoyetait vieure que lesdener

479 1290 2008 107 Doit Palies le plus atantaqentement Vour des retunis le dit

1321 1366 105 60 TB

489 1381 2010 120 Jeein françois e louis francois tienne Creole Suimus a voir

366 1484 2117 121 E Léducation anà loque aLeuretût en apprendre mi tetier

1514 1536 25 57 4

462 1603 632 79 de leui Choit

624 1652 1907 105 Le nomme Voui min Evrcuteur Cettamensairs la tersomie

1145 1619 161 77 E 2545

1468 1615 17 69 4

1762 1629 281 42 12I V

2217 1735 170 51 deta

530 1761 1855 77 da Mousieur Barbe i la Versonne Se Miisieur Donner

1497 1802 224 46 dut 124

1834 1804 71 56 340

450 1850 2033 107 .ye perteste Celles, uus dernieres Volante au tort Laissle

491 1925 50 60 d.

536 1974 34 75 2

622 1932 1695 99 france le Qaatre Juillit yosa Sique Cochant

524 2042 1768 95 auc dot esticrit le perseste Dans mis derniures Volontes

513 2136 251 78 33

886 2134 86 88 datt

1439 2107 39 57 4

694 2233 28 82 4

784 2224 124 100 1

1328 2217 492 85 vat t
