3058 2479
709 1 781 81 Autoit ruttat duirt Mi

9 206 456 124 testament de

513 50 2290 202 Varsevant les Notairet Sublies a l'Jsle de france Soussiquet

16 302 479 141 la Veuve Javre

599 158 2226 222 Put prétent francois Roblet Buittier Au Aibunan

476 298 1948 182 de Cette Colonie demeurant au Port norde Ouis

688 385 2094 194 Le quil a de pote a Rote lun desnotaire Soustignes

457 487 2459 211 et la Requis Se Places Au Bang de Sesminuttes, tougmal

447 593 2374 215 du testament de marie Guiard Vente de Nicolat Parré Recu

453 701 2441 232 Par Francois Ennemond Brun notaire Sublie de Cette Colonce

2338 794 477 124 Sept Cents

476 867 1783 178 n Brébence de temoins a Vingt enuf juin mi

2384 925 398 114 Pancaite

461 954 1880 187 Quatre Vingt treire lan Seux Se la Republique

432 1034 2422 228 lequel Buvit Orignal Controte par maschandite a la datte

468 1147 2226 226 d Ce jour e demeure jorrt a la premiere minatte set

1793 1283 55 72 12

425 1291 2241 201 Presentet Apris  Avoir ele du te Roblit Signe et

411 1406 2083 195 Darapté En joudence det nolaire Coustigue

644 1561 1991 152 Dont Acte fait dPasté En Souble minutte

406 1648 2325 190 Au port Nord Puest Jln de france En lElude ie

378 1753 2381 221 Peire haircat An Sept de la Republique Francacte
