2517 2479
268 1 1404 65 Erportenant lesn terem an Sonaleeure com

2387 1 22 69 4

246 5 2087 150 ance plus grande contemance de BrunetLa pellerie par contrat du trente

250 97 2056 152 septembre mil sept cen soisante suze rau par Lonsseau qui en a relencu

261 179 2119 147 munutte et son confies notaiie en cette osle, dicquel ainsi que de tout acte

1011 287 40 53 30

2402 267 41 73 30

279 289 2108 150 popres a feur, connaitre les popuétaines antuideur le donateur pamet adée

278 369 2177 159 ledonataire au bésons pourquoi el nelui fait renise que dudt proces vcerlal v

298 487 2100 152 despeitage liplan Siquratif nesmeutionné dont decharge, pour par le deu

2390 541 40 64 3t

296 585 2063 136 donataine les teritier ou ayant, canse jouur ondu terenm cedemis derique

316 696 2070 123 eomme dechose a ceuur appartenante au moyen des preseulée Jourqu

2169 732 168 69 D

146 875 136 79 so

349 793 1760 125 ledu donatien tapoité audu Gabiil tonm les dient quei

491 893 163 75 1014

271 893 2106 141 avoir sur la dette portion detesriin dont il sedissaisii en sa farcenr voulant

89 1045 109 67 232

285 1031 1822 125 e quil enfert mis eu possession par qui et ainsi quel appaitiendre.

2381 1074 50 36 2

140 1127 52 68 2

216 1123 67 79 34

354 1141 1982 97 Coutsfois la presents donation etant en mêine teuume remumeratoire

2393 1143 44 73 te

355 1254 1952 87 et Juzette a un condition detesminée, il a été exprevement convani en le

275 1329 91 77 4

491 1345 444 55 2

371 1349 2001 105 les parties qui ont requis lu Notaire dele redigte aanii 1° que Sons paterle

90 1425 36 72 3

238 1446 131 59 nee

376 1459 1996 91 de laditte de nation on ne pourse reteuir audit Gabriel ses appomtemenls

114 1487 22 92 1

199 1519 37 86 4

450 1528 339 70 321 m

1120 1542 82 56 33

377 1561 2004 91 Sesquels Sesont Jusceptibles dangmentationn en raison de fenenns quel

217 1627 90 79 75

338 1640 386 59 80I2

863 1645 195 53 Nᵃn

1071 1654 9 38 1

85 1716 169 70 30..

275 1693 77 87 27

399 1673 1940 77 rendra l de fabonne quutian, mais ne pourront etie moitdies que

400 1746 196 52 300725

653 1743 176 58 74

2404 1735 70 77 Jle

130 1789 11 84 1

177 1824 207 69 na

399 1766 1965 91 vingt unq partes effrcltives par chagne mois au valeur equivatente

394 1835 694 68 dtt ra rn pdd

122 1912 223 75 1

402 1877 1933 92 2e el olserven a la requenr tengagement pau lui priss de reque

633 1933 513 59 dLa il

1212 1941 16 49 4

201 1988 16 48 4

400 1977 1873 81 buoii endant unq annees cousecatever ia comples des esente

108 2025 295 78 2

2401 2027 60 56 Cer

414 2068 1861 108 ledet atablipemant de tsolet et dependances de que si ledu

2372 2136 100 52 8

2399 2211 44 101 3
