2479 2575
316 1 1423 103 Enccuttre, la propriete du vien lef Rlesso

303 7 2061 193 dareuy et par ceut d'Entren qui existeront Lorsque la dette

1429 84 822 137 Jocoir du dit. beni, audit.

2168 148 217 88 mctue

312 157 1074 116 Donation pourre dortir son effot,

297 167 1854 203 litre dan iciffé d'es le four du deces de célui du Cy

304 231 2010 213 et dela cétayenne Magdeliene Qui auca durveuu l'autre

302 304 2005 236 pourvie qu'a la Ditte epoque, lui denateur ne Soit Ruseu

300 409 1980 198 cette. Calonme, parce quis cas quil sy trouve alore il se réverve

1399 472 906 148 Lousi pour nêtre Reurie à la

303 565 1058 124 la possession et douidsance dudit

1468 550 853 178 Qui Par Leffet de Son de par

319 638 1110 158 prapriété au profit dit dite Enfaur

1737 638 518 138 si la mord ly

2018 779 294 109 Julles au

313 722 1404 162 de la colonié, die dan l'Evucement de sen deces;

1837 855 125 56 PLou

322 878 336 94 Sut prenc.

486 846 1343 201 S'oblige ledit Quenten Sulieu d'instmis ledlit

1637 938 665 152 Quoi a yaut étet accepte

289 1041 35 57 4

319 928 1810 210 metier di meuudier des que bar Son azé, il sera devenu

317 1038 1303 170 Sur ceptiblé d'itre appliqué à ce travail, tout

322 1048 1877 232 Par magdelenie tant pour, elle que pour ses enfante, ledit

616 1117 1625 213 Suliuu Sest Destaisé au profit dit dit don ateure de tout

332 1280 249 96 Qurutin

1593 1271 715 116 et a bae don maisaire aul

778 1198 1434 196 propraté Qulil avait sur le bien Cf dessiin

1668 1371 48 56 34

1733 1367 71 62 di

330 1359 385 100 let Droit de

764 1339 757 134 it toutes Cession trant port

1389 1411 251 102 Garantie.

323 1440 376 86 dout El leur

323 1443 1048 167 lermés du flésent a cté, avec loutre

485 1446 1763 210 d et four le faire ensmnier, les Parties out Toussitie Procureur

1521 1549 741 111 partie l clitant Domicilsen

1936 1609 286 91 Promd

334 1605 1165 157 le porteur Doussant pouvoir lis dittes

300 1632 1582 194 Juiz Demeure au ceste Ille ; au Pquele Lieut.; Nob

516 1695 1762 193 Remont fait et Passét doublé au Port nord suist lil

326 1809 153 115 Alg

293 1781 1946 207 de Franci ens l'Ande ; l'an Sept de la lepubelique Fangaiss une

329 1856 1920 192 et endivisibl le trente Vindemiaire avant midiy Queutir Julien à

883 2039 12 52 1

599 1931 1629 144 eoe la ditte magddeleme qui af de clare ne leavoir

297 2047 264 78 Frone

337 1987 1902 188 Eerire il legner, de ce Enquise ainsi quil est dit aux deux

443 2160 13 58 4

470 2168 13 55 4

632 2051 1562 172 dune Jeur etre renut ae Burcau dit chartre

332 2190 239 76 quissatt

834 2134 1378 156 Vautre au pur de la quelle entecrit

326 2248 439 108 des Coldme

322 2193 1915 223 controllé au port non oest Ile de France le huit Beut
