2479 2975
446 1 1727 149 Enrégistré Par Mosi Etienne huaceuthe haste

542 64 1783 175 Greffier du tribemal cavil de la colonie de Viste

534 137 1827 158 de Fance Soussigné sur lexpedition su dit lestement

506 228 1394 145 eodicite à mai Présenté à cet effel

701 257 1687 174 Poit nordouot sele de france le Vigte tun

1918 318 428 115 Ré joubliqne

588 378 1313 122 daaf Bumaires au septience de le

572 454 868 150 Fancaise une et udivis ite

1433 492 262 132 Busson

47 695 523 141 2E Brmaire

649 697 30 106 1

186 796 227 94 au Je

1761 841 33 66 2

1789 748 508 151 Leste de France

1 928 230 95 Depbt

266 900 205 99 du

1830 849 495 114 Soussesués, fait

497 841 1212 173 Par devaut les notaires Publice

1 986 414 103 Toeslament de

368 922 1406 178 Taniqae et les temoire Gapiés nommé

1977 988 386 94 Germain mondor

1 1067 445 96 M Jubin, aup

390 923 1878 255 résent le Citoyen Benoit Subins Marchaud en Cette velle s

1 1138 304 98 profit de

345 1039 1474 208 Dumeurant Rue des Pamplemoisses natif de

1026 1057 1343 209 Lequel etant vans un lit Sis en eunn appartent

259 1274 96 96 20

355 1204 655 121 aviche de Lejou,

378 1147 1904 249 Vune Maison a lui appartenant malade De Corps, mais

367 1209 1974 263 neamon S'air d'lspoit mémoirs et enturdement aux dits notaire

373 1292 1877 241 et Cunoins, dans Lavne de La mort traignant d'es êté

363 1350 1937 258 Péseime, avant d'avoir mio ordre à ses affairs a fait dicte et

1139 1419 1179 166 lestament et ordonnances de derniere

365 1553 633 132 nomme le présent

357 1477 1945 269 volontes quil vent et entend être exé cuté aprés Sa mort, d sa

362 1647 904 174 masniere et auisi quil suit.

529 1641 1797 224 Veut et enteur le Testateur quanssitst son dicés le nommé

709 1705 1601 210 Mosaus bique et la nommée Louise negreste indienne

1440 1781 853 119 Soient aftranchies de toute

368 1877 286 94 nocl no

365 1849 1040 183 auisy que ses quatre Enfante

355 1847 1953 266 Servitude et Pour quele ne Soient Pouit à Charge a la Colone

365 1917 1912 267 Ee testateur leur donne et legue la quantité de cent Piastres

368 2021 1848 233 effectives à Partagar entr'eux, Piant son exécuteur.

372 2095 1883 243 Testamentaire de faire les denarches et ftais nécénairie

512 2313 257 96 Donne

845 2155 1405 196 leque le lestateur a la citoisenne Pelagée

1008 2239 1198 154 Julie ses affranchie à chacime la

370 2368 514 124 et a la Citoiyens

990 2315 1217 160 Partrie, Pla à la ditte Pelagée un

372 2429 560 142 quantite de Cen

368 2527 554 114 leat d'armoire

529 2454 1673 235 Loune et Leque l la Citoyenne hen riette femme

352 2715 102 71 de

487 2550 1767 221 conteur et à la citoisenne adelaide ses affranchie
