2758 2479
692 9 615 55 Aus Pas eet ecrit.

1289 1 102 45 35

650 68 2090 106 G ontroté Au Port Nc. le 5 Pracnial au 7^e R Mille livres

479 157 879 97 Signe Marchandiles./.

516 218 2229 102 PEnngistre par moi tienne huacuuttie hutson Guffier du tribimal cives

640 302 1940 80 des leclefrance toussigne suir longina a moi preseute aces effet

608 351 2132 129 Aufoit du Noid ous dll de france le Jlithaimal au sept de la Reper

2322 435 284 67 Buson

52 583 358 95 Vestament

592 541 2161 114 Jnidevant le Notaire Et les temoins Sousteques, ful preseut

163 672 140 66 de

446 666 2225 87 Pierre Ninachivitte Voilier demeurant en lette Ville Et Canton

20 740 480 105 Minachiviste

439 778 2228 84 du port nord Duest rue de traverte dans une Maiton lui

427 885 2326 84 appartenante en Cocnte avec jean Cattagne, Chacun pour moilie

429 981 2324 90 le dit minachivette fils majeus de jean minachiritte et de panne

418 1079 2324 99 Ses pere et mere demeurants a Villenar pres Mldean

586 1192 2154 139 Lequel etant Couché Sur une Banquette dans Sa Chambre

436 1311 2306 107 malade de Cayé, mais ain d'espait, memoire Et jugement

427 1411 2264 125 Ainti Qu'il est appariu Aux Notaires et temoins Soustignes, a

429 1506 2284 123 fait et dicte le présent Son testament Nordonnance se sercrière

429 1596 991 92 Volonte Ainte Qu'il Suit.

566 1677 2077 138 Premierement, je declare Avor éte Chargé Se la Procuration

416 1787 2212 120 et des affaires de pan donat secede Sepuis, a l'Jsle

407 1895 2298 108 de la reunion, en rlvenant de mmadagatras; je suis depotitaie

416 1981 2277 145 d'un Coffee Et quelques Bardes qui lois appartiennent Lune

2735 2017 16 47 4

389 2104 2245 124 Tommé de deus lents Soiaante Piastre Effectives Qui

398 2180 2303 170 Seront remiles a ses heriteurs ou a Eeur que Seront charge

378 2262 662 105 de La Succettion.

509 2411 325 63 je Donne

854 2396 110 78 e
