2850 2479
74 70 2492 89 Cistamentardévant les Notaires Public a lMe de Franci Soustigné

60 177 2663 97 de Thciite fut présente Citoyenne Thirese justine dendat negreste

33 289 344 67 Su Herre

439 302 2281 90 ritrit demeurante au Tamp. Ses yolofe, laquelle étant dan

56 356 2704 148 Lendat Son lit maladerianmoins faine e Esprit, me moire et entendement

443 510 2310 83 ainte qu'il Est apparie aux dits notaires, a fait  dicte Son

421 618 2149 77 tettament et ordonnane de dernière Nolonte annte qu'il suit.

509 725 2245 98 oune et leque la testateice tous des buns meubles et nmeubles que

425 834 2283 88 e trouveront exitter et lui appartenir au jour de lou beces, au

414 939 2281 99 ¬nommée poeichon alistmarquente fendaie Ses deux unces

436 1037 2163 101 I par Egale part Ee portioir lesenttituant quand a ce ses

763 987 26 78 4

417 1155 745 70 legataire n nivcrtelli.

476 1260 2281 108 et pour exreuter le prétent Cestament ;la  testatrice a de sa Douche

1942 1268 44 78 10

407 1378 2248 90 nomme le Catis nor libre Commansence de L'alfatde la

854 1353 46 60 eu

411 1468 2341 111 le poublique, par que elle tent et entend que la succistion foit receuillie

404 1589 2250 107 E Ses dittes payeer, se Dehaitistant entre ses manis de tous

407 1696 1298 79 Ses Viens Suivant la Contume.

511 1764 2270 140 Ce fut aintis fait et dicté par lai tettatrice a jacquis bars Riviere d jean

374 1874 2343 132 Delin notaire publics En cette  Ile en une Chambie qu'ille occiupe

392 1996 2408 107 dans la Pale au Lainp des polof la Cote de Jon lit An

367 2086 2370 146 Port du Nord Cuist elle de france, lan Seunt de la rijniblique francaite

387 2220 2235 125 une Lindt te quatoize Vendemiane apris midi le prisent

388 2333 2322 144 a ete lu R Il elu a la d tettatrice qui a declaie bien lentende
