3058 2479
108 435 69 93 30

414 26 1741 137 lesdet vingt sept arpeur aprendre suu un toriné de coof

2224 61 13 65 1

2268 11 621 121 Qilatre viagt rezieme

422 112 2257 144 Gabred reideut ordinoisement fur ledit Cantor des lamplemousse aedit

2942 148 100 76 Ie

406 165 2482 205 dablinement de Treolet étatit ce jour en laville et por duMond ocest ace present

417 264 2478 220 acceptant pour lui ses hentien et ayant cauze une pertionn de temer habitation de

411 377 2476 219 lercontenance denveron cent treute sex arpeur un quart memire ordenaire de cette

2975 455 47 83 20

3000 577 12 66 1

407 494 2474 208 Jsle Vitué au Canton des tamptemousses paster dette etuloir Rongé de mentre

404 597 2561 225 dun tesriné des cent cinquante jur arpeur un quart on enveron arpentés por

2914 718 64 76 42

396 720 2330 206 Erain suivant procis recibat. Hylan frquratef du treise haircal an quale

396 835 2492 211 ledu lenus est redent à cent trente tie aspenr un quait par ladichattion ete

1527 976 143 62 de r

2876 1039 92 53 da2

398 958 2486 202 vingt apens qua cedevant facti le ile nateur en favecr dte faricoise veuve

406 1167 762 117 de Jean Louis Naisa

1235 1045 1609 172 il est boimi au Jui est enpartie yeu ladetre

399 1155 2496 237 Jeuve Nanna et enpartie parr fanie aux droits ditmineur Bunet danm

362 1251 2504 257 ¬la profondeuur peur les repruvitant Dumolasdit les resenes de létas ci funlés

177 1532 24 76 4

376 1397 1767 217 leutres cotés par les tenin apportenants au donateur

2891 1589 41 38 14

406 1463 2494 239 Anpartenant ledi tesreni audonateur commé ayant été vai lui acque

388 1560 2474 246 anie plus granile contenance de Buinet La pellerie par contrat des tiente

165 1833 81 62 1a

289 1795 73 102 ds

385 1680 2426 235 Septembie mil sept cen foirante seize ran pai Loistean cui en a relencu

396 1760 2509 245 cuisiuttes et son confien Notaires en celte ole duquel arni que de tour acte

1231 1919 132 60 Mrayy

3012 1936 15 40 4

424 1882 2472 254 propres a frue, comnaitie les popuctanes antiuesteur le donateur ponet adée

873 2105 38 61 d

936 2098 19 65 4

1038 2063 24 79 4

1078 2068 298 58 acst nniré

1388 1990 1587 174 il nelui fait renuse que dudu jroces veeslal

413 2111 950 150 ledonataire au besont pourquar

2918 2173 49 71 4.

174 2301 243 70 dan n

438 2301 349 96 den peulage

849 2127 2076 211 plian Siquiatif susmentronné étont décharge, pour par le de

170 2364 175 106 2

469 2345 632 132 ronataire ses dhéritie

1118 2239 1759 195 on ayant cause jouir dedu tesenm cedemis desique

1774 2366 1121 111 au moyen ele pessulis pourque
