2479 2525
462 1 1969 123 yeux cet Enfant au quel la fuurd serte amsite, que

439 63 1999 148 lui et tautre ses future Epour lui voulant du bien Jl

427 168 1844 144 demandent et Conseuluit lJaapres Leurmart le cle

419 242 2026 178 ngene Vecton Soit et demeure Teritier Le reurs lieur

408 343 1936 161 la queu Cas de la mort Se lun seur Le forvivant

384 436 2059 160 Sera enu de faire bojet Sidele Juventaire Ses

291 631 27 45 8

390 527 2062 164 biens de teur Communanté apparsien sront au dit Lugene

415 660 1516 110 Vector a près Lu mart du dit Siervévant

401 707 2002 164 En Pour faire Jusinuer Ces présentes sur teut au lecrvin

293 876 57 65 25

404 802 2048 163 Sera Lespartes out Soussitiée pour procureur Le portene

187 991 87 91 nd

425 896 2011 196 aux Jeculles elles denent haroir de le faire même de

423 1078 488 111 requerir orte

970 1074 1493 129 Enregestre Par noi Etieuue hiavinthe hason

484 1168 1983 146 D Cestur su Rilumal cevil de Esed

412 1303 31 94 8

889 1279 1557 122 fravce Soussiqué Sur uuc Expedition dedit.

68 1426 68 49 1

364 1399 86 114 44

962 1383 992 85 ete present écr Cit effete

578 1422 94 98 05

1975 1404 21 66 9

698 1442 1759 102 ru Port du Nord eust Jle de feane ce Six Gom

65 1502 326 108 ontral de

57 1564 276 75 Merriage

938 1512 429 101 termemal ay

1419 1543 275 60 Busson

32 1641 409 77 utre Jran.

498 1599 1922 110 Dun Coutrat de Mavriage reui Par Dosau qui en

7 1721 354 80 satteird et

502 1705 1846 127 a miutes et Son Coufrère Nétaire en Cette villé sle

25 1788 390 80 delle Geniviève

5 1860 417 99 Pnudy 7 Mui d.

495 1806 1974 134 Seur la datte su trois fivrice eMel Sept cent quate

495 1937 1913 134 vingt Souze. le quatre fibliavte Mille Sept cent quatre

486 2027 484 88 Vingt Dout e

900 2214 309 89 Cutre

517 2401 143 65 Jean

693 2377 1621 132 Julien Batturd Vuitie Calfat fils MMayeur de
