3092 2479
466 103 1766 113 decette Ie evel entes les parties laquantité de cent partie

2328 133 605 87 q ua trevimyt Juatorzie

450 214 2471 117 effecteu lesdits vingt sept ayent aprendre sur un terrent de cent vingt sept arpeur

2959 157 105 84 Ales

468 316 2457 126 Jituis au Canton de Pomptemousses romedé au donaleur par les administrateurs

2994 286 41 72 4

468 404 2468 162 Jénerax en cett Jle Jouillat et Cheureaux ) nuvout titres en fonse d dexfurce

2992 487 86 69 roie

471 519 2461 155 indlsept cent quatre vingt ienq. lesdits vingt sept apeur seront demembrée du

3001 578 64 54 1e

461 603 2436 180 terrens mentronné cedemes le loitq du balisage de la Citoynue pmerle et dese

2965 714 60 61 36

472 709 2465 197 enfaut avartir de la legne cles remor de cquatre cent toises accordis audit

476 827 2395 185 Lesoux par lesdit administrateur à tétie de jouissance exnlusine et seront

476 918 2458 227 appuyé lur la ditte tigne lur le balesage idees dengné et bomée par le

2966 1032 32 46 2

476 1041 2457 206 autres cotés par le reste cles cent ningt sept ayeur, mair demaniire que leselit

3017 1191 33 73 1

479 1163 2443 190 Vingt sept enpeur pennent moins deteudue sur laditte ligne des reserres que

493 1254 2446 218 Jur le bulivagt des enfants merle, appartenant le dit terren audonatenre pour

480 1360 2460 210 en avoir obter laconcessiies le dets Adimmistrateurs confomement au titre

493 1452 2216 225 edemer relaté duquel le de nataire apuu connaissance, a pomet dese

490 1546 2597 229 confonner et desecutre toutes les charge mentionnéce audit titre de coucemoit ne

490 1671 2359 230 enaqui poursa le conmemér pour raison desdit vingt tept arpeur, pour

2957 1842 78 88 30

505 1771 2431 245 par ledu donataire ses hesitiers, au ayant caure jouir de laditte portion

3045 1890 42 82 ie

508 1893 2425 219 detereni cedemes dengnée come dechon à cex appartenante au moyen

527 1980 2394 266 des presente ; porquoi ledit denateur transporte audit Jacqua tout les

2947 2138 69 57 2f

521 2068 2281 278 dert quel a et pouvair anceir sur les dit vingt tept arpeur eont el se

524 2192 2415 271 destaisit en sa fareur vontant quil en foit mus en passession par qui quai

1221 2414 75 63 de

1539 2317 1276 160 Tente foir la pesente donation elant ei

2505 6 31 80 5
