3350 2479
721 1 1474 78 efeurne les man etacid el sout et

2242 1 77 26 1

747 133 1415 120 Jesa les Partie ont Constitue leur

1026 85 88 85 e

1163 1 2145 150 Jour faire iisimuex les Préseutes Sastont au Désoin

2198 78 1083 123 Procureur, au que Selliu

741 168 2501 158 donnont Jontoir de ce faire et Pon Rucquerir acte

752 272 1633 137 Romettart obligeant, Remopeant fait

2495 257 700 85 Vasne Double

728 327 2593 152 au dort n. C Jlle de frances au Letude Van Sapet de la Ré publiique

730 426 2429 123 fraucaise une et nidisisible le, huit nivose avant me de jes

730 501 2443 136 aut Signé ainsi Siofoir Rogé Lanne M^r Rroché et auffray

984 665 2286 154 réoistre Par Moi Etieune Biacittre husson greffier

838 786 2429 111 du Pribemal Civie de la Colanie de liblode france

837 877 2344 113 Saussigné sux la minutté à moi Réveute à cet effet

1161 987 2125 120 au Fort NC. Jsle de france le enze mivose au

851 1071 2194 140 dept de la République francaise ue et Jnd ivsisitete

198 1232 552 116 J Nivoié au Ve

2009 1183 252 89 Busson

162 1406 565 106 affranchissement

148 1528 2210 181 claire nerendDasdevant les notaires

263 1669 301 67 Judeune

2374 1590 885 124 Publie a nnsle

133 1749 423 90 Por le cit.

652 1674 2597 156 de France Soussioré fut Present le Cit. Ben Jamin Dumalse

122 1862 442 96 Bentamair.

608 1808 2597 126 Coutrd maitre Charpentier au deuvice de la Alpubligene en

166 1983 316 75 Dumiay

604 1903 1469 107 Ce port Demeurant en Cette Ville.

1068 2013 2082 156 Lequel à dit que dans lame d'affranchir.
