2479 2492
1889 4 498 74 cent hxiime

319 65 1858 105 du dices du Premier nourant dour por le Survvent

333 139 1999 142 gouir de det biens en voufrait seutemeut savec durante

342 224 2037 165 Couformemant a la Contuner la presente Sonnotie faitte

336 308 2124 175 pour vu quan Jour du drcis du premier ourant ilnpait

354 420 1907 150 ancur tufant ne du a naitre des present Mariage

362 502 2089 169 meme en maferité sens avoir vu lablement Sesperdete

354 600 2087 196 heurs biens la cile donnatéoon reprendra eh aura les

350 773 534 118 munmes effet

462 926 40 59 4

562 772 1901 195 future Epoury declare qu'il ya dixaur il neci un

403 905 1990 187 enfant avel une Negrissesibro le que la até baptire

393 1000 2020 179 Sous les Boins Sugne Vector Quil a Sous Sel

403 1090 2009 204 yeux cet Enfant au quel la furure Porte asité que

393 1180 2007 212 lun et tantre ses futures Epoux lui voutant Vu bien Jl

408 1294 1875 185 demandent eh Couseulent aapres Leur mart le det

386 1384 2025 205 ingene Vecton Soit en Deumeure Veritiir Se leure bient

379 1484 1962 200 en queu Cas de la mort de lun deur Le fervivant

368 1576 2047 203 Sera Tenu Se fuire bosyet fidele Juventaire Ses

400 1673 2031 197 biens de Leur Comunanté apparrendront au dit Lugene

416 1812 1504 138 Vctor après La mart du dit Servivant

414 1855 1972 202 En Pour faire Jusinuer Ces présentes Sar tent au leervin

425 1952 2015 196 Sera Les purses ont Soustite pour procureur Reportene

451 2048 1975 207 aux cquelles elles deunent havoir de le faire meme des

458 2264 511 79 requerir octe.

1006 2224 1457 147 Euregistre Par moi Etieuue heaiuthe hasson

544 2318 1925 172 E cas al resur sa Mribunal Cevil de Ested.
