3158 2479
501 90 2617 106 8 Jedonne au nommé dois mon nou la libesté aux conditions quel restera

508 209 1103 109 avec sa marraine la Sere Susanne

520 264 2610 149 fait Marreté aux Rainée St Pierre le vingt quatie Veutose au Sept dle la Rrepiblin

526 404 1337 105 française une Ainde signi merto Daucy.

550 519 2518 103 fur lenvoloppe qui reufnne ledu testoment est cerus ci melui mes dermieres

521 616 2580 102 Veantes Cux Rames st Pierre le vingt quatre Veutore au J^ de la Republique

502 742 2548 95 ¬francaise une Hmide sgne merlo Dancy alen bas est ariu, Pestaie

553 826 2536 139 alongmal du testement de seu lis meile Danis de posé au Greffé et a hreleune

123 992 409 107 port M. C. le 1

557 1002 39 46 4

632 959 2455 105 ceconton suivant poirs vesbal de lapposition des Selles en datte du jour

112 1072 460 101 France au 7&

592 1050 2465 106 hai au Canton de la Revière noiir le vinigt néu  Flouss au sef

101 1154 2956 106 molle lures signé de la Republique francaise uni Ainde tigné Gene Grefficr contsollé au

96 1236 420 94 marchandise

1012 1239 2053 120 Emegistre par moi Eticyne he acuitte hussien Greffier

1019 1355 1677 114 du titrinal tévil delhlede fanci soussigne suol

2875 1298 164 91 esti

1024 1421 2040 149 une expedetion dudes testament amai presentie aul iffre

1030 1554 2050 119 Audort du Noid duest Ille de france le premier hairicel ai

1027 1651 2071 121 sept de la Repe fes un bund Dusion deux moliraye

2586 1727 215 56 tuila

201 1870 325 122 Divonr

655 1856 2383 90 Eatreu du Registre des manage du Cantoir du Port nord dicest de hle

325 1972 198 89 Eitiet

665 1947 1979 109 de france pour tannée Septieme de la Rep fecr ume bnie

147 2017 505 142 Baittutam fabry

629 2061 2399 113 Lan Sept e ela Republique franccaise une l indirmbls ledeuy Rairief du

148 2174 2877 121 Ttarise Jaliany heui du matis en la maison commune du Port Nord Acest Jlede France

674 2283 2273 123 et devant moi officur peblie Joussigné Est comperu Barthelenin fabriy
