3475 2479
1396 34 110 44 40

1053 27 1194 105 demanaye ea moi pusentes aut efet

2276 53 182 46 82

2516 8 804 120 ulore au Sept ele la

1048 88 1417 130 Au soit daMord vunt Jsle dle francie le oise

2143 165 103 59 d

2386 161 119 52 drt

2238 210 19 83 1

2265 207 109 50 d0

1049 203 1083 91 Repet fee une bins Busson

2272 235 350 65 1ᵃd 77

1351 280 270 65 1 a 4 5

2184 301 58 52 34

2278 307 24 62 4

3141 312 39 40 1

611 327 2496 175 ardevant les Notaires publies al hil dle Ranie toussigne fus pmesent

93 444 499 90 Donalion par

88 534 40 69 7

141 520 57 63 du

619 418 2727 189 facques Le roux Lmeseven habitant ele laditte Jsle ou et adoiisiite rme de Pans.

93 568 530 72 E e Bouy Mmoseve

82 632 270 122 a Gabie

603 611 786 81 Ville et port du Noin vicest.

1611 656 107 57 i2

588 592 2725 213 Lequel voutant recompenser les servus que lui Arendres dle puin longteir

2893 695 463 98 créal il

583 742 2291 169 jesqua ce jour et que contnesa a lui reudre Gabiie homne lebre

604 833 2744 173 cett Jsle ccanome; de son étahtisiement ddit Eréolit ci dependances caulon

2177 997 25 48 4

608 962 2755 149 au pamplemoisses Lequel beugage à contenisee emoie pendant uny ammes

612 1086 2734 139 conseuctra la gestion dudit alablissement Aritdu comple exail au prapieta

597 1195 2726 132 oufr foude de ponvoin conditionn faiis laquelle le present acte maur aie

1236 1301 302 63 d2 449 4

1860 1326 79 62 4

578 1311 2708 136 jai cecleis, a parce pesentés fait donation pieré sumple et irrevocale

1404 1417 241 60 3775

549 1407 2789 186 rule miitteure sonme que donation peusse valons et pronet garantie ee

2853 1506 32 43 3

2915 1494 475 65 2

582 1586 2797 107 lous troubles presecleges sypotheques evictions a leneatieie ; et octies epechements qierelemi

561 1728 2685 84 quellonques andit Jazet son affranche resmtant ordenairement au lu farditte ville du

570 1833 2705 88 Poit nord cast npetent et acceptant pour lui see hontion et ayent caute ii poctio

566 1925 2674 106 de laveur le sisation de la coutenance ele vingt segt apeur neefur cdonair le rete

1068 1985 171 46 4e paie 7

1348 1992 727 66 119101 11

561 2019 1017 148 Ii enmuce entre lue prlles cy

1673 2052 1468 101 di lqeaite ile cent mcaviée efeileue

1742 2101 89 50 33

2132 2107 164 97 1
