2908 2479
516 11 35 55 1

555 15 19 59 3

17 5 332 96 1 Luilot au 7

596 52 29 43 4

1939 1 473 69 quade viig 1y

1840 78 432 95 quatre Jrgt.

1978 168 547 85 quatrs anngf quar

396 269 1806 95 Vour len eviter détre à charoe le la Calonie.

2556 286 159 65 I ce

603 345 1946 106 Quatrimemett., le Siorplus de tous mes Bient

344 420 2214 130 Je donne et Lege à moudit feld a daplit, vour Por leuu

365 498 2476 132 en jours et dispeser en toute. Vropiete à Compter du Jubunat

365 589 838 125 Jout de mon decis

2607 616 232 79 actea

597 669 1999 133 Cinquêememat, attendu que la ditte Besinie et Son

373 762 2495 113 enfant Pas moi cedopte cy dessue, soit eincore, minaure Jel dle la

369 846 2007 113 declard le Cit Antoine Slinvier Soitelû leur tnteir.

644 955 2010 83 Sixiementeut le momme Francon noyindien, afe de

367 1016 2283 96 di huit ant, Cordoinnier mon esclave, ne dera Voutendu

367 1085 2297 131 il Cravaillera Peudant huit annéer Donsecutive, au Proft

2698 1138 132 87 ten

363 1178 2239 119 de Mon fer a doptif à Cmepter de onoir dités, et aprir

358 1261 2395 121 lesdites huit ammes fidet accomplice, il sera affanchides

355 1352 2101 117 aux frais de ma Jnccession de dun fCente Piastus.

2655 1382 141 81 té

624 1462 2056 116 Et Vour exicuter le Présent mon Testamat. Se Broise

2723 1488 61 58 9

371 1554 2327 94 et nommié le Cit Antoine Janvier que la Prie duc

2702 1534 75 63 2

371 1637 2492 103 Freudre la dane, me dessaisisiait à cet Effet, eu desmons d'uble

377 1707 1274 91 Tous mes biens Juisant la Centinel

607 1805 2070 135 Ce fert ainoi fait et dicte mot a matt à Jean Relois

2757 1819 130 109 dté

370 1892 2462 143 notaire Résdent à cette ville et canton du Fort mo au Prein

371 1961 2298 148 et assisté de Michit Qrilts et Jean Bapotiste Desganle.

373 2045 1814 111 omaschandt Demaisante Séparement susditte ville

369 2107 2143 139 Sonssigé, Por ledit Testateur ; auquel le Présent à été les

2221 2114 321 68 Cettoin

374 2188 1589 117 Rélis un mot a près lantre, à Declarit bien

2007 2229 698 121 Pentondre, qu'il af

2531 2182 102 76 3.

2761 2111 25 98 3

373 2269 2368 168 Pernste et veut icelui être exécute aussitat sondece, Selon Sa forme

373 2352 321 99 et Besieur

2774 2286 116 128 reu

42 953 33 52 44

28 1834 11 59 1
