2825 2479
559 72 1599 101 RRoblet et le prie d'Exiculer mes ntentiont

619 38 93 61 den

2184 75 428 86 re la live ment

491 165 2227 102 à ma vagresse et de lui rendie tout les Sorvices qui de pindront

465 254 2212 110 de lui hotanment di faire millie en Regle Sa liberté le plus

491 349 2152 104 promptement Dostible et de Veulled a l'Emploi de troit huille

473 461 2032 103 Riviet Queje lui Sonne par mon Présent teslamer.

701 557 1964 106 Til Est le testament de la d^e Marie Guiard V^e Parre

468 687 2259 93 Eeit a fur E mélure qu'elle la dutie au dit notaire prusent

471 776 2158 90 let de tenoins, a ille lû et relie mot a mot et à Bante lt

443 864 2186 101 Jntelligible Voix Qu'elle à dit Tun entendie, Contenir it.

453 979 2216 86 Vesclables entesitions ue touloie y apoutednn denunuie et

454 1083 2229 102 qu lelle y Pertitte Castant Revoqaant et anssiillant toute

451 1183 2244 128 autres dispotitions qu'elle pourroit avoir Cy desant factie

461 1302 2215 98 Voulant que le present lestament Seil Subsitte et a il

446 1404 2249 105 Son plein Et Entur Effet Par tous les meilleui mopeent de

447 1535 2170 77 Nort doiit Acte fact Et poasse en ltune sud notaire

460 1629 2172 74 Site rue Cordere pdit E paroistéE touil le Vingt, neuf

443 1733 2205 93 Suin mil Sept Cents quatre Vingt taize lan Seupume

428 1852 2136 88 de la Republique En la pretence et Continiuelle a Mistaice

422 1948 2261 106 du Ct Jeroine Allur Greffer du Libiinal de pais demeurant

421 2078 2257 92 Jutd. port E paroiste touit  et du C. Rancois Deron

433 2200 2161 83 Joutzur au Regement de pondicheres temoinns Français

409 2286 2227 121 Qui ont signé avec la testatrice et le d notaire le present

1191 2385 187 92 tte tet

1392 2383 141 94 de le

2309 2396 310 81 D^e Lesta trie
