2550 2479
2234 1 10 29 1

639 1 1061 107 Coutrat de Mariage à moi

832 1 1390 178 au Port no. Pele de Fassed le dit Sept Bun

644 157 575 108 ais Septéime de la

1249 30 1095 197 République Franquisd une et i ivisible

1693 184 277 91 Dussan

74 274 599 110 30 Veudemiaire au 7e

281 359 89 61 in

1654 373 36 29 30

1733 375 71 50 141

74 403 507 96 affran chissement

2194 398 153 96 Pauce

731 424 1420 128 Prdevant les notaire Sublice à Prole de

39 520 553 102 Douis dulien Créol

231 590 105 54 Par

701 488 1623 146 Soustignés fut présente la citoyenne Moasdelem malabaire

56 622 489 102 Magdelune sa

679 626 779 77 Demeuraut en cette commune

66 706 496 76 maré et Doussation

78 775 451 71 dar quintisn dea liun

600 647 1781 160 La quelle vans la ue dlattrarde Paffranchisrement de Louis delie

568 721 1800 153 criol leni Ceufde set en fandagé de Cingant, Sest Pourvue

428 787 1964 145 vere Le derectoire de tette Colonie qui à fait faire les pubilications Resain

424 852 1962 150 et dusage, Sans quil, ait été formé avcune Opprsitien, ainsi qu'il Revellte

411 919 1950 146 du Certificat de Lasent national prèr le diroctiore du troitiime Tour

444 984 1947 156 Dom plementaire an Sis, du quels il conste que la ditte Mu dpleine

444 1042 1929 178 à été affranchie du droit de Comune, et à été la dittes Certificat renda a

439 1189 650 100 Va ditte enagd Sene

588 1169 1774 183 poutes les Cornalité se trouvant Templies, la ditte mag delince

2249 1291 131 68 Voar

460 1235 1887 193 declaré le dit Louni dulien Créol Son fels libre son Corps et de ser

2102 1364 262 87 Pranchire

453 1311 1780 195 actions dix ce four Paffranchistapit de toute Servitud.,

468 1411 1601 167 Van luu Jouir et vler det ce jour de toui ler droit,

473 1433 1933 215 et avantager dont Souissent et uvent Les citoyens Francais, S'obligeant

479 1514 1934 206 Va Comparante de pourvoiss peudant Quelle vora, a la subontance

1777 1656 318 75 ses en fair

2105 1625 279 86 dar le 01

469 1568 1929 216 Entreties et Conaation du dit Louis sulien, Lequel d'ailleurs se

482 1695 1266 157 Trouve Compres dans les avantagee faits à

479 1837 238 88 quentrer

735 1685 1649 199 Sulien sou Pation Suoices en l'arte daffean chissement

478 1746 1956 266 delle Consparante passé Devant auffray Vun dit notairee Soussq

486 1815 1949 261 qui eu a nuinette et sou confrere le vingt sef JJe Bqinelan Six

460 1907 1752 291 Controle le meume jour ; lesquele rantages ille accepte

2443 33 101 42 Pole

2449 72 94 56 C

2438 238 100 67 me

2463 308 77 63 F

2446 391 87 62 det

2453 475 92 46 art

2463 557 51 44 1en

2464 692 57 57 04

2479 856 24 62 4
