2479 2800
452 1 1013 51 comppie Par ler futente

459 1 1802 132 la dittet Claire nigfuse indinne Lyae de treute aus ; sour

2394 12 44 79 2

440 35 1841 153 dar laditte Claves Somirset Eser de tous les Drons Veirligée

2382 129 92 63 ble

2390 96 53 53 2o

423 115 1864 138 et Pierogative dont Souiissentrit Etent les Cit asens pancait

407 182 1863 171 et a fiunn que laditte Clavie ne Seit dint a charge a la

399 258 1882 160 Coloe, ledit Dumaiy Conforme la draprête qu'il lui avait

2290 297 61 71 tra

2390 345 54 64 2

387 345 1969 146 Vlece Demment et verbalement a bais doonnet dune Case en ed

390 392 1897 169 Hanchet, Couvertés en Ranche Sire au quartit de la

2310 513 28 37 1

382 466 1918 162 grande montasse de Cette ville, dont Elle lui à vaye

309 541 2043 169 lee Viux avant C Jour et quie avait lui même, à equise de po

2394 603 81 79 re

340 611 2037 213 Marie Valson à nesesse ma de caer ; S'alilisse au outre les

320 804 523 101 de Pourvoist

854 715 1433 149 duidant quil virsas, a la subsistance et

2324 818 30 65 4

305 784 1985 196 entrelzir de la dette Etain, al a quelle il donne Par ces

300 877 2087 154 Viseute Jurement et simplemen errivocablement et entresifert

292 938 2073 174 la Sommé et quantité de deux Cent hartre à Viendre sur

298 1032 1946 151 les Rus Claire bieus de lui onnateur et la dropriète en

2296 1099 167 67 tsmil

291 1098 1970 169 appartenir ca l a ditte Cfaie des lejour des deces de lui

2303 1169 99 66 et

283 1179 1847 166 Donnateur, qui Susques la de Réseivd teunufrent, et

297 1241 2119 173 Jouisance de la ditte Jomme, Ce qui à et daccepté dar lodite

252 1312 2052 168 Rlave qui a Remescce son Dieufaiteurs tauf du don que de

2321 1345 119 100 piare

283 1407 1131 153 celui quie lui fait de sa liberte.

2323 1429 113 92 Da

602 1409 1710 215 Pour Paire isinuor les Priseut Partont au Désonr Sesan les

266 1510 2178 193 Partiesant Cotstitis Vour leur Rocurenr le porteur au que lelle pars

255 1577 2068 211 donne Souvoir de Ce fairs et d'eu, Reguerir acte. Promettent

1962 1638 361 84 tout No. Je

247 1669 1702 197 Aligoant, Rerconcant, fait et dasns double au

217 1673 2240 285 de france eu Llude l'an sept de la République Francais une et sel

241 1764 2083 258 ndiveisible le trois nivoze apris midi, ladite Dumay a Sigfur

239 1846 2235 252 uoi la ditte Clairs qui a declare ne s'avoit Ecrir ni diefner. disitro

244 1935 2225 228 de ce euquise ainsi Signe a la mmeeut Du maiy et auffray ln marg la

1008 2006 1274 148 ort no. lele de france le ne luf nivose yx

2366 2045 105 98 e

228 2090 757 148 est a cût Coutroté au

230 2145 853 149 mele liv res Signé senvior

445 2114 1886 259 Entégistré Par moi Etiee hiacuthe, husson araffier du

487 2190 1862 241 Cybemal auvit de la Coloine de Vior de Francee sussifn

474 2325 1357 159 elar la mincutte à moi Rétente à cet effet

616 2347 1729 197 au Port n Vle de fean ce le treste uivos au Eept de

616 2465 1290 151 la Répoubligne fe an caisdume et endivertle

1867 2473 232 117 Busson
