2650 2479
615 1 1887 95 dveution les parties ont lai leur donniile crrivocable au lieu de

570 66 1993 99 d heur dimule Ce devant designé Prometteul obligent Nenvmant

892 147 1658 100 Euregistré par môt Eienné heainithe hussoin Grefficr du hibumal

207 184 441 161 a a doille

856 220 1725 103 dunil de losle de france roussigné nuu uni expéditione dudit coutiur

494 301 1110 88 hn demanage reprieutée ante

128 352 508 117 Coutra de Mariage

900 312 1573 132 Autoit du Mord duest Medefrance le runq Gemmalave yn

1727 399 30 48 4

2045 378 241 84 Buson

134 443 433 72 de Jeamarie

670 415 1854 145 4'i Contrat de Marian Feuu Par Gerent, Nolaire et

148 502 471 88 dector de Cousiar.

249 555 264 82 avie

651 532 1865 119 Son Confière Matrie en Citte Jla Sous La datte du

111 623 2380 120 Marie Lelide adu 9 Missidor au Sexienr Controlé le Sieze du même mois

111 710 543 97 Vutoire aussi libre

990 743 54 94 14

1117 738 39 88 49

1203 735 850 111 utmn

2272 740 256 100 rediie

2269 831 254 79 nda

705 846 1804 145 Jean Marie Vetter de Couleur Libre né a madaqastard

658 958 1870 131 age de quarante uenfrst hubitant a la Révière des

650 1045 1814 133 Calbases Canton des pamp leuduse lRipoulant Sour

103 1137 1719 125 qui en a misutte sui E En Son Noui suue Parte

549 1220 72 103 5

1108 1250 98 96 Dn

1516 1229 702 83 a atit

534 1294 1908 150 S Citoyeume Marie Louize ditvire aussi litré née

190 1377 74 103 12

515 1389 52 90 6

659 1397 1857 145 a Merdayasiure agé definite huit aiuss demeurant

336 1525 19 47 1

426 1524 42 55 44

636 1498 1946 143 ausi au Susdit Tanton des pampleinousse De lautre

253 1568 1801 150 in paii a été Estrait de qui suit

263 1681 2272 145 de a. et En Consideration du fuure Mariage et Par Lamitié qar

355 1776 2055 138 ree du Seporteul les dits fuures Epors, ils Se sont faits

333 1881 114 60 12

450 1888 51 52 1

533 1871 23 81 8

640 1877 1753 166 hi a lecutre nu Siervetent deur, donnateon teure

633 1961 1886 195 et. Simples entre Vess et rrrevocable au Siervitant

645 2061 1875 204 d'uux, Ci acceptunt receproquement, de teus les biens

570 2134 143 68 Ma

640 2180 1841 170 miubles Jemeuleles Propre aiquels et Conquets on

572 2209 47 79 44

377 2328 22 71 10

494 2282 2008 176 itous entadt qui sormont leur appartinmes heis dur
