2633 2479
321 11 2223 99 confonner et dexecutre touter les charge mentionnécs audit titre de concemoe

360 118 2140 106 cnuqui pourra le romemée pour raison desdit vingt tept arzour, perer

362 210 2197 109 jan lede donataire ses huitiers, au ayant cauze juir de laditte portiee

356 322 2146 80 deterrenr cedemes dengnée comme dechos a ceux appartenante au moyen

2514 291 65 58 30

380 410 2106 89 des presente; vourquoi ledis denaleur transporte audit Jacquer leus les

2518 391 30 62 8

384 506 2141 88 dert quel a et pouvaic aveur sur les dit vingt sept arpeur dans il fa

2510 553 22 63 5

385 604 2114 88 deftaisit en sa farecu voutant quil en foit meir en possession par qui quan

389 696 2078 104 et ainsi qu'il appartiendra Tontes foir la pesente donation elant en

385 787 2090 94 meme leume remuneraloine et fiepett a nne rondition deteminmée  a été

406 888 2078 100 expassement touvenu enta les partier equ'ont requis les notanie dle leredige

395 975 2043 108 ainsi 1 que Sons peleste d ladette donation on ne pourra reterer audet

2510 999 33 36 2

392 1074 2015 126 Jacque les apppentement qui ne poursant ete moindres que vingt unq

2488 1099 58 53 2

2591 1127 28 46 ie

398 1173 2044 122 Mastie effecteur par chaque nmoin ourleur equi valeute 2e quil obseivera

2477 1178 71 62 1e

424 1284 2032 111 ala requeur tengagement par lui qpis el aige l fierveilles etue peudant

428 1386 2038 104 hois anééer cousecuteuer a cosnepter éles presente lecte ét oblinement ae

2511 1362 18 37 3

268 1475 139 60 1at

440 1481 1989 116 port nord oiuut d° que li ledu Jacquer vent a monnne avant lesprateuu

275 1564 70 92 4

413 1589 2040 93 desdittes ldi annecr ladonation aura toute sa foie et zaveur ce le

2489 1677 48 62 e

141 1749 57 60 1

447 1693 1968 120 herituis au ayant canse laui quen puesse y porter attente fons

460 1797 1955 129 peteate. du defant ducco mplissement de lengagement pai lui pis

2485 1766 97 68 rille

143 1877 246 64 3 1ᵃ

432 1879 2027 159 Et pour Jaire intinnér lu presente au besoinn sera les partier constitecent

2480 1824 97 95 2e

137 1991 46 50 29

461 1981 2003 167 leur pouiseur le portai dexpedition dicelles auquel elles donnests pouvoin

2503 1974 34 42 4

471 2086 1861 179 Telles sont lea conveutions arrétées entre les partece qui pour leur

2486 2034 86 84 d

2481 2151 98 49 re

213 2220 46 90 43

2477 2229 80 62 von
