2925 2479
629 8 2283 91 Anegistie par moi Etienne heaciillie husson Guffier du silcimat unes de Ehi

643 95 2268 97 de fance Joussign sui uunn expeditiin du det cmliet diniariaye ame

606 212 7 59 1

633 185 587 84 presnuté aut effet

2801 165 92 92 Vel

639 187 2130 162 Ainsoit du Noid dcest Iledifrance le ningthent florial anfe

635 340 1605 131 la Bepublique fançaise une lnie Busson

22 564 329 97 tostamen

432 528 2472 111 Eatrat des minrettes du Ereffa du tribimaf de pair du Canton de la Reviere noire

133 654 103 93 eli

440 629 1876 103 Etant fain de cops et desprit jai fait mès demieres volontes

1 742 401 95 Meslo daney

458 706 2440 138 se reconmande mon aine a Dieu et lui de mande pardon de louter les foules

435 812 2469 149 qui ji faites je le supples de me pardonnér et dem'auorder son sanis parade.

435 929 2481 116 temen ; se nomme mon néveu feais Lonis Merlo mon Exccuter leslameula

443 1054 1403 84 de lefaire exccutirs dans tont luu conteme,

433 1162 2044 99 1° je laisse à mes heritiern mon habitation de la consisteice

2517 1141 301 77 Deceu

428 1273 1803 98 vingt qquatre arpeur ance les nois qui y font attaches.

2783 1282 44 97 4

411 1367 2465 95 2ᵉ je laissa a la Cite Jusanme pour tons les bons services quelle ema

377 1472 2470 110 ¬rendus pendont le longcours quelle a passe anpres demai dain ronter

427 1586 2459 123 mes maladur deux lits quines alon choix mon armoire deux tabelis Rx

422 1702 2454 120 toiverts dargent deix cilleres arayont et sus cilteres a caffé la moitie

2752 1702 126 48 594

205 1879 140 82 MIl

411 1823 2274 127 de ma vaisselle en plali assictée soupieres taster a caffé et autres.

373 1875 43 84 3

432 1904 2451 154 Deplés ille partagera dans la mortée dles bourriqués Cabris tochous volaile

447 2050 1200 83 detoutes exprcer telté est ma volonte.

30 2122 412 88 e Louise le

45 2204 390 79 ie Chiarlette

457 2147 2422 141 Dnème jeuteur qui lous les noirs portes Sur son reieusernent et lhabitate

33 2275 1091 104 de Jean &marie Jelle a achitée, du ser

1161 2282 1736 150 Maujean lui soient reus comme a elle appartenant

50 2389 395 83 7 ja retounan

458 2394 491 83 eutonte. pioniélé
