<?xml version="1.0" encoding="UTF-8"?>
<alto xmlns:xsi="http://www.w3.org/2001/XMLSchema-instance"
      xmlns="http://www.loc.gov/standards/alto/ns-v4#"
      xsi:schemaLocation="http://www.loc.gov/standards/alto/ns-v4# http://www.loc.gov/standards/alto/v4/alto-4-2.xsd">
  <Description>
    <MeasurementUnit>pixel</MeasurementUnit>
    <sourceImageInformation>
      <fileName>JK14_2.pdf_page_44.png</fileName>
      <fileIdentifier>pdf//JK14_2.pdf</fileIdentifier>
    </sourceImageInformation>
  </Description>
  <Tags>
    <OtherTag ID="BT8" LABEL="DamageZone" DESCRIPTION="block type DamageZone"/><OtherTag ID="BT12" LABEL="MainZone" DESCRIPTION="block type MainZone"/><OtherTag ID="BT13" LABEL="MarginTextZone" DESCRIPTION="block type MarginTextZone"/><OtherTag ID="BT15" LABEL="NumberingZone" DESCRIPTION="block type NumberingZone"/><OtherTag ID="BT17" LABEL="QuireMarksZone" DESCRIPTION="block type QuireMarksZone"/><OtherTag ID="BT543" LABEL="CustomZone:closer" DESCRIPTION="block type CustomZone:closer"/><OtherTag ID="BT544" LABEL="CustomZone:paraph" DESCRIPTION="block type CustomZone:paraph"/><OtherTag ID="BT545" LABEL="DigitizationArtefactZone:fingers" DESCRIPTION="block type DigitizationArtefactZone:fingers"/><OtherTag ID="BT546" LABEL="NumberingZone:document" DESCRIPTION="block type NumberingZone:document"/><OtherTag ID="BT547" LABEL="NumberingZone:folio" DESCRIPTION="block type NumberingZone:folio"/><OtherTag ID="BT548" LABEL="NumberingZone:page" DESCRIPTION="block type NumberingZone:page"/><OtherTag ID="BT549" LABEL="text" DESCRIPTION="block type text"/>
    <OtherTag ID="LT8" LABEL="DefaultLine" DESCRIPTION="line type DefaultLine"/><OtherTag ID="LT10" LABEL="HeadingLine" DESCRIPTION="line type HeadingLine"/><OtherTag ID="LT11" LABEL="InterlinearLine" DESCRIPTION="line type InterlinearLine"/><OtherTag ID="LT329" LABEL="default" DESCRIPTION="line type default"/>
  </Tags>
  <Layout>
    <Page WIDTH="3025"
          HEIGHT="2479"
          PHYSICAL_IMG_NR="43"
          ID="eSc_dummypage_">
      <PrintSpace HPOS="0"
                  VPOS="0"
                  WIDTH="3025"
                  HEIGHT="2479">
        <TextBlock HPOS="22"
                   VPOS="0"
                   WIDTH="3001"
                   HEIGHT="2477"
                   ID="eSc_textblock_a7184c4c"
                   TAGREFS="BT549">
          <Shape><Polygon POINTS="2420 0 2913 0 2935 16 2940 64 3012 104 3023 174 2859 218 2836 258 2836 400 2749 439 2709 484 3023 517 3023 1017 3019 942 2990 964 3012 1008 2996 1067 3023 1085 2996 1294 3007 1651 3023 1663 3001 1685 3001 1744 3023 1888 2990 2016 3001 2202 2974 2368 3007 2472 595 2477 577 2422 187 2411 176 2385 214 2286 176 2247 231 2185 214 2005 247 1972 439 1961 538 1977 578 1959 544 1943 198 1932 192 1873 604 1856 589 1779 600 1707 628 1689 606 1645 622 1618 611 1559 644 1535 633 1476 661 1426 633 1355 567 1326 495 1249 490 1222 527 1217 538 1194 407 1188 367 1050 132 1017 99 984 93 710 64 654 33 670 27 643 22 659 22 583 42 578 48 621 81 633 104 583 143 566 154 512 242 488 187 428 198 275 181 203 137 141 148 82 209 55 285 60 373 77 413 126 472 132 506 125 479 110 600 66 964 49 1585 60 1928 38 2318 55 2412 38 2420 0"/></Shape>
          <TextLine ID="eSc_line_db9e1e75"
                    TAGREFS="LT329"
                    BASELINE="2421 48 2917 45" 
                    HPOS="2420"
                    VPOS="4"
                    WIDTH="497"
                    HEIGHT="68">
            <Shape><Polygon POINTS="2421 48 2421 61 2642 61 2672 68 2673 68 2675 68 2676 68 2691 63 2709 71 2710 71 2712 71 2713 71 2715 71 2730 60 2756 71 2757 71 2759 72 2859 72 2859 71 2861 71 2862 71 2862 70 2874 59 2916 59 2917 45 2914 16 2863 16 2845 6 2844 6 2843 6 2792 15 2775 6 2774 6 2772 6 2771 6 2756 12 2701 4 2699 4 2698 4 2657 15 2639 5 2637 5 2636 5 2585 16 2547 5 2545 5 2544 5 2491 16 2451 8 2450 8 2449 8 2420 17 2421 48"/></Shape>
	    <String CONTENT="cent huutenme"
                    HPOS="2420"
                    VPOS="4"
                    WIDTH="497"
                    HEIGHT="68"
                    WC="0.9930064632342412"></String>
          </TextLine>
          <TextLine ID="eSc_line_7a147a3d"
                    TAGREFS="LT329"
                    BASELINE="595 141 859 122 1016 118 1479 119 2118 111" 
                    HPOS="592"
                    VPOS="42"
                    WIDTH="1526"
                    HEIGHT="120">
            <Shape><Polygon POINTS="1763 48 1749 49 1735 49 1723 49 1695 67 1659 55 1658 55 1657 55 1655 55 1625 70 1621 71 1611 70 1586 64 1585 64 1549 70 1531 72 1523 70 1501 63 1500 63 1498 63 1457 71 1442 74 1432 71 1402 60 1400 60 1399 60 1398 60 1370 72 1365 75 1261 75 1256 72 1224 57 1223 57 1221 57 1220 57 1190 70 1158 55 1157 55 1096 55 1095 55 1093 55 1092 55 1062 72 1028 56 1027 56 976 56 975 56 973 56 972 56 954 68 900 77 865 82 847 78 785 59 783 59 782 59 781 59 728 74 688 63 687 63 685 63 592 79 595 141 595 162 741 162 742 162 749 159 808 133 998 132 1015 139 1016 139 1017 139 1074 132 1093 139 1095 139 1096 139 1135 130 1179 147 1199 155 1201 155 1202 157 1259 157 1259 155 1385 151 1387 151 1409 140 1433 129 1505 137 1540 141 1541 141 1542 141 1544 141 1551 136 1559 132 1606 134 1630 136 1632 136 1633 136 1639 133 1665 123 1697 132 1752 147 1753 147 1754 147 1756 147 1800 129 1819 122 1870 128 1943 134 1945 134 1990 123 2020 117 2049 122 2067 125 2069 125 2070 125 2080 121 2092 117 2115 119 2118 111 2115 63 2073 49 2071 49 2070 49 2069 49 2051 56 2009 42 2008 42 1945 42 1943 42 1942 42 1894 66 1891 68 1815 68 1812 67 1774 46 1763 48"/></Shape>
	    <String CONTENT="Greffier du Tribunal Cetil de Edsle"
                    HPOS="592"
                    VPOS="42"
                    WIDTH="1526"
                    HEIGHT="120"
                    WC="0.9915724618094308"></String>
          </TextLine>
          <TextLine ID="eSc_line_44b8b262"
                    TAGREFS="LT329"
                    BASELINE="2256 130 2384 137 2996 141" 
                    HPOS="2254"
                    VPOS="85"
                    WIDTH="742"
                    HEIGHT="107">
            <Shape><Polygon POINTS="2985 90 2983 89 2931 97 2929 97 2928 97 2909 112 2804 99 2793 90 2793 89 2792 89 2790 89 2789 89 2788 89 2786 89 2786 90 2766 106 2717 97 2716 97 2715 97 2713 97 2695 111 2464 107 2450 92 2443 86 2443 85 2442 85 2440 85 2370 85 2369 85 2367 85 2339 93 2318 99 2256 95 2256 130 2254 187 2347 187 2347 185 2348 185 2350 185 2352 184 2392 159 2418 168 2420 168 2421 168 2423 168 2461 154 2512 155 2535 170 2537 170 2538 170 2540 170 2541 170 2571 155 2604 155 2631 174 2632 174 2633 174 2635 174 2662 173 2668 174 2691 184 2693 184 2694 184 2695 184 2724 173 2738 168 2748 172 2767 183 2768 183 2770 183 2771 183 2803 172 2834 191 2836 191 2837 191 2839 192 2858 192 2858 191 2859 191 2861 191 2861 190 2885 169 2896 159 2993 165 2996 141 2994 95 2985 90"/></Shape>
	    <String CONTENT="fjan ce Soussiozen"
                    HPOS="2254"
                    VPOS="85"
                    WIDTH="742"
                    HEIGHT="107"
                    WC="0.942095031340917"></String>
          </TextLine>
          <TextLine ID="eSc_line_e42e5bd1"
                    TAGREFS="LT329"
                    BASELINE="265 253 867 238 947 225 1075 217 1351 216 1494 205 2084 216 2235 228 2402 231 2519 242 2764 250" 
                    HPOS="264"
                    VPOS="154"
                    WIDTH="2500"
                    HEIGHT="131">
            <Shape><Polygon POINTS="265 253 265 276 596 283 597 283 665 274 764 260 845 267 860 272 895 283 896 283 898 285 1106 285 1106 283 1170 269 1276 246 1396 232 1887 232 1958 247 1960 247 1961 247 2018 232 2115 232 2228 252 2230 252 2354 252 2384 260 2451 282 2453 282 2454 283 2688 283 2688 282 2690 282 2764 257 2764 250 2761 185 2567 185 2560 184 2544 179 2542 179 2541 179 2505 184 2491 187 2242 187 2231 183 2190 170 2188 170 2063 168 2062 168 1984 176 1922 159 1921 159 1920 159 1801 165 1760 154 1759 154 1757 154 1471 155 1469 155 1395 180 1370 187 1340 180 1281 165 1279 165 1278 165 1241 174 1163 163 1162 163 1092 174 1031 155 1030 155 951 155 950 155 949 155 869 177 833 187 763 177 713 170 712 170 710 170 690 177 658 188 618 188 573 176 522 165 520 165 442 174 338 168 337 168 264 174 265 253"/></Shape>
	    <String CONTENT="Testament Sur une Dxpédition du det arte présentée à cetises"
                    HPOS="264"
                    VPOS="154"
                    WIDTH="2500"
                    HEIGHT="131"
                    WC="0.9681684652964274"></String>
          </TextLine>
          <TextLine ID="eSc_line_67edcf01"
                    TAGREFS="LT329"
                    BASELINE="483 364 1141 351" 
                    HPOS="480"
                    VPOS="269"
                    WIDTH="661"
                    HEIGHT="148">
            <Shape><Polygon POINTS="483 364 483 417 579 410 581 410 582 410 582 409 592 400 608 415 608 417 610 417 611 417 612 417 658 415 659 415 661 415 690 395 727 395 757 413 759 413 760 413 761 413 763 413 764 413 801 393 830 393 844 403 845 403 847 403 848 403 895 402 896 402 898 402 898 400 909 391 925 391 950 409 951 409 953 409 954 410 984 410 984 409 986 409 987 409 989 407 1012 388 1045 388 1059 400 1059 402 1060 402 1062 402 1063 402 1064 402 1066 402 1079 392 1104 404 1107 406 1108 406 1110 406 1141 403 1141 351 1139 297 1102 297 1100 296 1070 275 1068 275 1067 275 1066 275 1064 275 1063 275 1040 293 1022 294 972 298 962 293 947 282 946 282 944 282 943 282 942 282 913 289 885 269 884 269 882 269 881 269 825 271 823 271 822 271 822 272 804 290 793 304 694 304 668 287 654 278 652 278 651 278 650 278 648 278 647 278 636 287 625 296 604 286 581 276 579 276 578 276 480 283 483 364"/></Shape>
	    <String CONTENT="Dan Port du"
                    HPOS="480"
                    VPOS="269"
                    WIDTH="661"
                    HEIGHT="148"
                    WC="0.9720942974090576"></String>
          </TextLine>
          <TextLine ID="eSc_line_133fd7e2"
                    TAGREFS="LT329"
                    BASELINE="1263 333 1519 329 1947 334 2665 353 2727 353 2767 345" 
                    HPOS="1261"
                    VPOS="275"
                    WIDTH="1506"
                    HEIGHT="140">
            <Shape><Polygon POINTS="1263 333 1261 348 1366 351 1381 360 1383 360 1384 360 1385 360 1387 360 1413 353 1581 355 1669 395 1670 395 1672 395 1701 389 1734 396 1735 396 1737 396 1774 381 1821 400 1822 400 1978 404 2066 406 2067 406 2069 406 2115 386 2165 392 2166 392 2168 392 2186 382 2253 393 2254 393 2256 393 2311 378 2352 389 2354 389 2355 389 2356 389 2367 385 2440 413 2442 413 2613 415 2614 415 2615 415 2690 377 2764 377 2767 345 2761 300 2642 316 2603 298 2599 297 2597 297 2513 296 2512 296 2511 296 2504 298 2472 312 2440 302 2439 302 2438 302 2369 315 2267 301 2265 301 2264 301 2224 312 2180 297 2168 293 2166 293 2051 287 2049 287 2048 287 2031 297 2008 308 1910 308 1891 300 1889 300 1888 300 1801 304 1776 296 1738 282 1737 282 1735 282 1608 293 1562 278 1560 278 1480 275 1479 275 1360 294 1345 296 1263 294 1263 333"/></Shape>
	    <String CONTENT="ayre ouest le liy germinal a J^e"
                    HPOS="1261"
                    VPOS="275"
                    WIDTH="1506"
                    HEIGHT="140"
                    WC="0.9771700203418732"></String>
          </TextLine>
          <TextLine ID="eSc_line_b6df9878"
                    TAGREFS="LT329"
                    BASELINE="1319 367 1367 367" 
                    HPOS="1319"
                    VPOS="340"
                    WIDTH="48"
                    HEIGHT="62">
            <Shape><Polygon POINTS="1319 367 1319 391 1366 402 1367 367 1367 340 1319 340 1319 367"/></Shape>
	    <String CONTENT="47"
                    HPOS="1319"
                    VPOS="340"
                    WIDTH="48"
                    HEIGHT="62"
                    WC="0.9943903386592865"></String>
          </TextLine>
          <TextLine ID="eSc_line_e4f0f843"
                    TAGREFS="LT329"
                    BASELINE="1192 476 1235 477" 
                    HPOS="1191"
                    VPOS="418"
                    WIDTH="44"
                    HEIGHT="87">
            <Shape><Polygon POINTS="1192 476 1191 502 1232 505 1235 477 1235 428 1194 418 1192 476"/></Shape>
	    <String CONTENT="4"
                    HPOS="1191"
                    VPOS="418"
                    WIDTH="44"
                    HEIGHT="87"
                    WC="0.9975481629371643"></String>
          </TextLine>
          <TextLine ID="eSc_line_67d8226a"
                    TAGREFS="LT329"
                    BASELINE="2231 457 2556 451" 
                    HPOS="2230"
                    VPOS="386"
                    WIDTH="326"
                    HEIGHT="93">
            <Shape><Polygon POINTS="2231 457 2231 471 2344 465 2348 469 2354 473 2355 473 2356 473 2358 473 2403 468 2432 479 2434 479 2435 479 2436 479 2438 479 2446 472 2460 479 2461 479 2462 479 2541 477 2542 477 2544 477 2544 476 2556 462 2556 451 2552 417 2509 417 2508 417 2494 404 2494 403 2493 403 2491 403 2490 403 2489 403 2487 403 2475 411 2467 404 2465 404 2464 404 2406 404 2405 404 2403 404 2387 411 2361 388 2361 386 2359 386 2358 386 2310 386 2308 386 2277 391 2275 391 2274 391 2274 392 2249 415 2230 420 2231 457"/></Shape>
	    <String CONTENT="Busson."
                    HPOS="2230"
                    VPOS="386"
                    WIDTH="326"
                    HEIGHT="93"
                    WC="0.9987866708210537"></String>
          </TextLine>
          <TextLine ID="eSc_line_874cc61d"
                    TAGREFS="LT329"
                    BASELINE="169 695 370 694 562 678" 
                    HPOS="166"
                    VPOS="618"
                    WIDTH="396"
                    HEIGHT="110">
            <Shape><Polygon POINTS="169 695 169 713 205 713 245 725 246 725 247 725 275 720 286 728 287 728 289 728 290 728 436 724 464 723 465 723 466 723 466 721 493 699 493 698 562 695 562 678 557 622 522 618 520 618 519 618 517 618 517 619 511 626 494 644 433 639 432 639 431 639 404 648 360 640 355 640 354 640 352 640 345 641 331 647 327 644 301 626 300 626 298 626 272 626 271 626 269 626 268 626 268 628 267 628 253 644 235 629 234 629 232 629 206 629 205 629 203 629 202 629 166 655 169 695"/></Shape>
	    <String CONTENT="testament"
                    HPOS="166"
                    VPOS="618"
                    WIDTH="396"
                    HEIGHT="110"
                    WC="0.9993659721480476"></String>
          </TextLine>
          <TextLine ID="eSc_line_ec0e23a7"
                    TAGREFS="LT329"
                    BASELINE="684 673 854 658 1800 619 2602 614 3012 582" 
                    HPOS="680"
                    VPOS="537"
                    WIDTH="2332"
                    HEIGHT="154">
            <Shape><Polygon POINTS="684 673 685 691 734 677 1191 663 1230 673 1231 673 1232 673 1234 673 1282 661 1340 672 1359 674 1360 674 1443 672 1476 667 1574 652 1698 658 1699 658 1827 643 1918 654 1936 655 1938 655 2117 650 2118 650 2125 647 2166 632 2248 640 2249 640 2334 628 2416 636 2417 636 2469 628 2509 636 2513 636 2515 636 2713 630 2730 629 2851 612 2873 619 2874 619 2876 621 3012 621 3012 582 3007 546 2271 571 2205 555 2204 555 2202 555 2137 557 2107 550 2051 537 2049 537 2048 537 2011 550 2007 552 2001 550 1976 546 1975 546 1973 546 1958 552 1925 561 1887 552 1861 545 1859 545 1858 545 1786 552 1708 560 1661 553 1610 545 1608 545 1607 545 1589 552 1480 545 1479 545 1478 545 1453 555 1421 566 1374 555 1367 553 1366 553 1365 553 1360 555 1301 578 1245 561 1243 561 1188 556 1090 546 1089 546 680 557 684 673"/></Shape>
	    <String CONTENT="Pardevant le Notaire publie alhle de France et les temoins ccapres"
                    HPOS="680"
                    VPOS="537"
                    WIDTH="2332"
                    HEIGHT="154"
                    WC="0.9759330316023394"></String>
          </TextLine>
          <TextLine ID="eSc_line_5e7e5da5"
                    TAGREFS="LT329"
                    BASELINE="117 796 588 772" 
                    HPOS="112"
                    VPOS="710"
                    WIDTH="476"
                    HEIGHT="121">
            <Shape><Polygon POINTS="117 796 121 831 146 816 169 826 174 829 176 829 177 829 228 827 230 827 231 827 241 819 256 808 271 816 276 819 278 819 279 819 281 819 289 815 311 802 322 812 323 812 325 812 326 812 344 809 371 804 374 807 378 809 378 811 380 811 381 811 382 812 464 812 464 811 465 811 495 794 508 787 588 785 588 772 582 720 530 721 519 713 519 712 517 712 516 712 487 710 486 710 484 710 449 725 447 725 446 725 409 713 407 713 406 713 404 713 403 713 403 714 391 728 389 729 359 729 358 729 331 716 330 716 329 716 327 716 326 716 315 724 283 717 282 717 220 721 219 721 217 721 203 734 174 723 173 723 172 723 170 723 169 723 151 738 150 740 112 740 117 796"/></Shape>
	    <String CONTENT="de Juinneton"
                    HPOS="112"
                    VPOS="710"
                    WIDTH="476"
                    HEIGHT="121"
                    WC="0.9940079649289449"></String>
          </TextLine>
          <TextLine ID="eSc_line_989646e9"
                    TAGREFS="LT329"
                    BASELINE="685 778 1315 751 1546 749 1971 716 2190 714 2994 678" 
                    HPOS="683"
                    VPOS="625"
                    WIDTH="2311"
                    HEIGHT="177">
            <Shape><Polygon POINTS="685 778 687 802 1082 779 1125 782 1310 798 1311 798 1522 789 1523 789 1567 773 1621 785 1622 785 1684 782 1686 782 1781 751 1785 750 1788 750 1874 772 1876 772 2019 767 2020 767 2100 740 2158 749 2159 749 2248 742 2310 751 2311 751 2413 749 2414 749 2509 721 2547 723 2548 723 2549 723 2586 713 2597 709 2702 707 2775 727 2777 727 2778 727 2779 727 2887 698 2994 692 2994 678 2990 629 2957 625 2956 625 2954 625 2935 632 2925 637 2818 641 2779 639 2728 636 2727 636 2726 636 2706 643 2699 644 2694 643 2668 636 2666 636 2665 636 2621 645 2599 652 2500 655 2483 652 2464 648 2462 648 2412 655 2362 662 2330 659 2278 654 2277 654 2221 663 2184 670 2158 666 2067 652 2066 652 1994 661 1943 654 1942 654 1530 673 1391 691 1389 691 1354 702 1329 710 1125 718 1103 713 1035 695 1034 695 1033 695 1031 695 1002 707 914 701 913 701 911 701 866 713 814 713 812 713 811 713 770 728 747 735 683 732 685 778"/></Shape>
	    <String CONTENT="nommée soussigné fut présenté la fesu Jeanneton Jeuve de defrui"
                    HPOS="683"
                    VPOS="625"
                    WIDTH="2311"
                    HEIGHT="177"
                    WC="0.9686260573447697"></String>
          </TextLine>
          <TextLine ID="eSc_line_5c14a462"
                    TAGREFS="LT329"
                    BASELINE="225 903 489 889 768 889 1454 858 2029 818 2987 769" 
                    HPOS="223"
                    VPOS="706"
                    WIDTH="2764"
                    HEIGHT="234">
            <Shape><Polygon POINTS="227 933 275 940 276 940 278 940 308 929 322 925 351 928 362 928 363 928 365 928 371 926 396 919 440 922 545 931 546 931 639 917 727 925 728 925 730 925 765 917 796 922 797 922 1180 903 1272 891 1274 891 1315 877 1327 871 1406 869 1427 870 1494 878 1495 878 1559 863 1574 860 1597 862 1686 867 1687 867 1688 867 1719 856 1789 851 1889 844 1899 845 1975 862 1976 862 2106 856 2107 856 2198 831 2268 826 2323 822 2351 822 2407 822 2482 837 2483 837 2655 805 2814 804 2865 794 2869 794 2872 794 2914 800 2916 800 2986 787 2987 769 2983 713 2928 706 2927 706 2867 718 2803 734 2702 729 2701 729 2699 729 2642 745 2578 732 2567 731 2566 731 2564 731 2555 734 2507 749 2392 742 2373 740 2372 740 2370 740 2361 743 2330 750 2303 745 2267 739 2265 739 2264 739 2231 749 2228 749 2223 749 2155 745 2154 745 2092 756 1957 779 1896 764 1887 762 1885 762 1865 765 1752 786 1588 779 1557 778 1556 778 1538 780 1471 794 1432 786 1424 785 1422 785 1394 787 1366 791 1365 791 1307 813 942 824 871 834 734 820 732 820 731 820 654 845 557 826 552 826 551 826 541 827 436 845 369 835 367 835 366 835 223 842 225 903 227 933"/></Shape>
	    <String CONTENT="Bencoutre Remontre, laquelle étant dans son lit sir en n appartement"
                    HPOS="223"
                    VPOS="706"
                    WIDTH="2764"
                    HEIGHT="234"
                    WC="0.9837629120139515"></String>
          </TextLine>
          <TextLine ID="eSc_line_8f633f29"
                    TAGREFS="LT329"
                    BASELINE="691 1012 1103 987 1723 961 1902 940 2935 888" 
                    HPOS="687"
                    VPOS="823"
                    WIDTH="2248"
                    HEIGHT="218">
            <Shape><Polygon POINTS="691 1012 692 1041 827 1034 829 1034 832 1032 887 1012 979 1017 980 1017 982 1017 1048 999 1111 1008 1113 1008 1181 998 1235 1008 1257 1012 1259 1012 1301 1003 1362 992 1392 998 1420 1003 1421 1003 1665 991 1666 991 1702 979 1750 962 2121 950 2136 953 2162 958 2164 958 2165 958 2190 950 2216 939 2267 937 2318 942 2369 946 2370 946 2425 942 2454 950 2456 950 2457 950 2582 925 2593 924 2600 924 2620 928 2621 928 2770 914 2774 914 2775 914 2828 922 2829 924 2829 922 2935 903 2935 888 2931 834 2895 823 2894 823 2892 823 2664 834 2662 834 2595 853 2552 867 2471 873 2416 873 2372 866 2294 853 2293 853 2232 856 2143 878 2088 892 2042 884 1961 870 1960 870 1742 881 1741 881 1659 906 1606 922 1281 937 1248 928 1241 926 1239 926 1238 926 1236 926 1225 929 1172 943 1137 935 1128 932 1126 932 1125 932 1124 932 1110 936 1063 948 991 942 980 942 979 942 967 943 925 951 909 947 896 943 895 943 894 943 892 943 878 948 849 959 787 954 749 950 747 950 746 950 730 957 710 964 687 959 691 1012"/></Shape>
	    <String CONTENT="depeudant dleune maison ntuie sui ansemplarement a la plane"
                    HPOS="687"
                    VPOS="823"
                    WIDTH="2248"
                    HEIGHT="218"
                    WC="0.9527018974393101"></String>
          </TextLine>
          <TextLine ID="eSc_line_1ec19539"
                    TAGREFS="LT329"
                    BASELINE="694 1140 1629 1082 1851 1078 2022 1065 2293 1057 2596 1034 2822 1023" 
                    HPOS="691"
                    VPOS="954"
                    WIDTH="2131"
                    HEIGHT="244">
            <Shape><Polygon POINTS="694 1140 697 1198 1212 1169 1213 1169 1235 1160 1340 1121 1400 1130 1402 1130 1403 1130 1468 1110 1681 1099 1812 1103 1814 1103 1815 1103 1845 1089 1905 1096 1906 1096 2053 1078 2128 1096 2191 1111 2192 1111 2238 1108 2239 1108 2300 1083 2311 1079 2325 1082 2354 1086 2355 1086 2356 1086 2374 1078 2389 1071 2442 1072 2469 1074 2471 1074 2472 1074 2482 1070 2502 1063 2541 1064 2542 1064 2544 1064 2591 1045 2648 1059 2672 1063 2673 1063 2675 1063 2702 1054 2734 1045 2821 1045 2822 1023 2815 954 2760 976 2669 980 2578 970 2577 970 2575 970 2549 979 2523 973 2478 964 2476 964 2475 964 2438 979 2424 984 2396 981 2340 976 2339 976 2279 990 2264 992 2243 992 2114 986 2113 986 1983 997 1947 990 1946 990 1793 1006 1454 1019 1453 1019 1374 1050 1356 1057 1289 1056 1246 1056 1245 1056 1210 1061 1170 1070 1100 1070 1015 1070 1013 1070 1012 1070 994 1076 984 1081 848 1088 841 1086 812 1079 811 1079 809 1079 691 1096 694 1140"/></Shape>
	    <String CONTENT="vestt aelle appartenant de celte velle du port nord. acest"
                    HPOS="691"
                    VPOS="954"
                    WIDTH="2131"
                    HEIGHT="244"
                    WC="0.9535420891539804"></String>
          </TextLine>
          <TextLine ID="eSc_line_4eeeeefc"
                    TAGREFS="LT329"
                    BASELINE="680 1282 922 1267 1274 1256" 
                    HPOS="677"
                    VPOS="1209"
                    WIDTH="597"
                    HEIGHT="107">
            <Shape><Polygon POINTS="680 1282 681 1316 735 1316 735 1315 736 1315 738 1315 738 1313 739 1313 739 1312 747 1302 750 1305 750 1306 752 1306 753 1306 754 1306 756 1306 816 1290 845 1306 851 1309 852 1309 854 1309 855 1309 856 1309 860 1305 885 1287 909 1298 910 1298 911 1298 913 1298 980 1282 1037 1289 1038 1289 1040 1289 1041 1289 1057 1278 1092 1278 1108 1293 1113 1295 1113 1297 1114 1297 1115 1297 1143 1298 1144 1298 1195 1295 1197 1295 1198 1295 1208 1287 1223 1275 1272 1283 1274 1256 1268 1218 1148 1222 1143 1221 1119 1213 1118 1213 1117 1213 1115 1213 1114 1213 1114 1214 1104 1222 1100 1227 1068 1227 1064 1224 1035 1209 1034 1209 1033 1209 1031 1209 973 1227 957 1231 951 1227 931 1211 929 1211 928 1211 903 1211 902 1211 900 1211 862 1222 854 1216 854 1214 852 1214 851 1214 849 1214 826 1216 825 1216 823 1216 823 1217 809 1231 805 1235 798 1231 778 1217 776 1217 775 1217 774 1217 703 1220 702 1220 701 1220 701 1221 688 1233 685 1236 677 1235 680 1282"/></Shape>
	    <String CONTENT="malade de coy"
                    HPOS="677"
                    VPOS="1209"
                    WIDTH="597"
                    HEIGHT="107"
                    WC="0.9842278086222135"></String>
          </TextLine>
          <TextLine ID="eSc_line_da788442"
                    TAGREFS="LT329"
                    BASELINE="1307 1251 1359 1240 1500 1229 1918 1211 2312 1178 2971 1149" 
                    HPOS="1304"
                    VPOS="1096"
                    WIDTH="1667"
                    HEIGHT="179">
            <Shape><Polygon POINTS="1307 1251 1308 1275 1593 1260 1595 1260 1611 1256 1680 1233 1745 1238 1746 1238 1829 1225 1925 1232 1927 1232 1928 1232 1986 1213 2117 1211 2139 1220 2142 1220 2143 1220 2144 1220 2146 1220 2151 1218 2194 1205 2212 1211 2213 1211 2215 1211 2279 1202 2305 1207 2334 1214 2336 1214 2337 1214 2361 1205 2385 1194 2403 1200 2406 1202 2407 1202 2409 1202 2424 1199 2490 1188 2509 1194 2518 1196 2519 1196 2520 1196 2662 1185 2695 1194 2697 1194 2698 1194 2833 1172 2847 1170 2854 1170 2894 1177 2895 1177 2971 1162 2971 1149 2968 1119 2872 1096 2870 1096 2770 1101 2768 1101 2730 1118 2588 1103 2586 1103 2424 1105 2139 1121 2137 1121 2075 1151 2022 1151 2020 1151 2019 1151 1982 1170 1980 1172 1749 1183 1721 1177 1720 1177 1648 1188 1647 1188 1646 1188 1591 1178 1589 1178 1588 1178 1551 1194 1508 1196 1491 1196 1490 1196 1416 1177 1414 1177 1413 1177 1411 1177 1304 1205 1307 1251"/></Shape>
	    <String CONTENT="man neamons fane de fprut memoire"
                    HPOS="1304"
                    VPOS="1096"
                    WIDTH="1667"
                    HEIGHT="179"
                    WC="0.9677195007150824"></String>
          </TextLine>
          <TextLine ID="eSc_line_2441e289"
                    TAGREFS="LT329"
                    BASELINE="680 1410 1125 1399 1476 1364 2140 1333 2968 1278" 
                    HPOS="674"
                    VPOS="1207"
                    WIDTH="2294"
                    HEIGHT="232">
            <Shape><Polygon POINTS="680 1410 681 1433 779 1429 782 1429 822 1439 823 1439 894 1422 905 1421 913 1422 975 1430 976 1430 1041 1417 1126 1422 1128 1422 1219 1404 1232 1402 1245 1403 1396 1417 1398 1417 1519 1414 1990 1386 1991 1386 2074 1357 2231 1373 2232 1373 2234 1373 2289 1349 2421 1359 2423 1359 2564 1326 2570 1324 2581 1324 2666 1327 2668 1327 2669 1327 2693 1318 2694 1318 2701 1318 2767 1320 2768 1320 2770 1320 2803 1311 2807 1309 2967 1301 2968 1278 2960 1207 2894 1232 2805 1214 2785 1211 2783 1211 2741 1213 2739 1213 2724 1218 2680 1238 2512 1238 2490 1231 2458 1222 2457 1222 2456 1222 2378 1224 2377 1224 2330 1239 2230 1272 1781 1297 1694 1279 1626 1275 1600 1273 1599 1273 1597 1273 1585 1276 1508 1297 1315 1290 1261 1289 1260 1289 1234 1294 1146 1315 1082 1302 1068 1300 1067 1300 874 1311 873 1311 866 1312 820 1329 674 1323 680 1410"/></Shape>
	    <String CONTENT="et inteudement aiisi quil est apparie aux dits Notaire Estenmon"
                    HPOS="674"
                    VPOS="1207"
                    WIDTH="2294"
                    HEIGHT="232"
                    WC="0.9809373901003883"></String>
          </TextLine>
          <TextLine ID="eSc_line_271f208e"
                    TAGREFS="LT329"
                    BASELINE="681 1534 1115 1514 1303 1492 1595 1473 1843 1448 2794 1404 2884 1389" 
                    HPOS="677"
                    VPOS="1335"
                    WIDTH="2208"
                    HEIGHT="218">
            <Shape><Polygon POINTS="681 1534 683 1552 796 1545 805 1545 858 1553 859 1553 860 1553 895 1541 899 1539 905 1539 969 1552 971 1552 1108 1535 1152 1542 1154 1542 1274 1523 1388 1530 1389 1530 1498 1516 1679 1516 1679 1514 1680 1514 1749 1492 1763 1488 1781 1491 1805 1494 1807 1494 1808 1494 1823 1488 1843 1480 1967 1475 1996 1479 2085 1492 2086 1492 2278 1483 2279 1483 2350 1458 2361 1455 2383 1457 2460 1463 2461 1463 2462 1463 2504 1450 2519 1444 2635 1440 2648 1441 2683 1447 2684 1447 2686 1447 2705 1439 2706 1439 2708 1439 2749 1446 2750 1446 2752 1446 2777 1435 2783 1430 2885 1428 2884 1389 2874 1335 2822 1355 2748 1351 2746 1351 2596 1371 2551 1363 2549 1363 2391 1384 2314 1384 2261 1374 2231 1368 2230 1368 2022 1379 1967 1392 1951 1395 1940 1393 1892 1386 1891 1386 1889 1386 1855 1399 1836 1406 1753 1406 1741 1406 1739 1406 1732 1407 1658 1421 1597 1415 1581 1414 1579 1414 1578 1414 1570 1417 1531 1430 1458 1429 1457 1429 1366 1440 1325 1432 1264 1419 1263 1419 1261 1419 1187 1440 1148 1452 1001 1459 968 1454 881 1440 880 1440 878 1440 829 1461 765 1457 764 1457 677 1472 681 1534"/></Shape>
	    <String CONTENT="dann leavue de la mort craignant d&#x27;en être prevenue avant"
                    HPOS="677"
                    VPOS="1335"
                    WIDTH="2208"
                    HEIGHT="218"
                    WC="0.980385376696001"></String>
          </TextLine>
          <TextLine ID="eSc_line_3e877e27"
                    TAGREFS="LT329"
                    BASELINE="647 1649 982 1641 1298 1619 1427 1598 1581 1592 1874 1561 2305 1549 2969 1484" 
                    HPOS="643"
                    VPOS="1430"
                    WIDTH="2328"
                    HEIGHT="258">
            <Shape><Polygon POINTS="650 1688 991 1665 995 1665 1046 1671 1048 1671 1104 1659 1143 1665 1144 1665 1201 1658 1292 1671 1293 1671 1518 1655 1519 1655 1582 1634 1666 1637 1668 1637 1669 1637 1710 1625 1799 1634 1800 1634 1801 1634 1854 1616 1883 1623 1884 1623 1885 1623 1978 1605 2062 1615 2063 1615 2148 1607 2150 1607 2194 1593 2326 1596 2327 1596 2427 1581 2473 1585 2475 1585 2593 1556 2713 1567 2715 1567 2716 1567 2797 1532 2797 1531 2971 1519 2969 1484 2965 1441 2885 1446 2881 1446 2705 1430 2704 1430 2702 1430 2682 1439 2620 1436 2618 1436 2617 1436 2530 1468 2508 1476 2442 1481 2366 1484 2343 1479 2296 1466 2294 1466 2293 1466 2292 1466 2239 1484 2224 1490 2206 1487 2173 1481 2172 1481 2119 1490 2070 1476 2069 1476 2067 1476 1896 1488 1895 1488 1811 1510 1727 1532 1668 1519 1621 1509 1619 1509 1497 1525 1427 1523 1425 1523 1424 1523 1384 1536 1354 1547 1209 1550 1208 1550 1144 1576 862 1596 643 1582 647 1649 650 1688"/></Shape>
	    <String CONTENT="duvoir mis odre a fer affaire afait diité &amp; nommé le present"
                    HPOS="643"
                    VPOS="1430"
                    WIDTH="2328"
                    HEIGHT="258"
                    WC="0.9846043288707733"></String>
          </TextLine>
          <TextLine ID="eSc_line_cd765aec"
                    TAGREFS="LT329"
                    BASELINE="672 1777 1019 1755 1424 1711 2056 1667 2446 1651 2764 1611 2985 1603" 
                    HPOS="666"
                    VPOS="1528"
                    WIDTH="2319"
                    HEIGHT="288">
            <Shape><Polygon POINTS="2985 1603 2978 1528 2695 1563 2655 1556 2654 1556 2653 1556 2555 1586 2425 1594 2380 1583 2378 1583 2377 1583 2376 1583 2308 1603 2246 1589 2245 1589 2243 1589 2154 1616 1935 1632 1873 1622 1872 1622 1825 1630 1760 1625 1759 1625 1757 1625 1679 1652 1622 1655 1549 1638 1544 1638 1542 1638 1541 1638 1535 1640 1490 1658 1450 1647 1449 1647 1447 1647 1446 1647 1445 1647 1442 1648 1400 1662 1370 1658 1369 1658 1367 1658 1332 1667 1267 1660 1242 1659 1241 1659 1239 1659 1221 1665 1158 1685 1115 1676 1114 1676 1113 1676 1057 1699 973 1703 900 1689 880 1687 878 1687 666 1709 672 1777 674 1816 746 1787 825 1782 979 1791 1020 1793 1022 1793 1023 1793 1045 1786 1067 1777 1117 1779 1129 1779 1130 1779 1132 1779 1137 1777 1177 1765 1202 1772 1214 1775 1216 1775 1217 1775 1286 1768 1333 1776 1334 1776 1336 1776 1389 1755 1446 1733 1737 1713 1793 1722 1881 1736 1883 1736 2242 1709 2243 1709 2272 1696 2314 1703 2315 1703 2523 1688 2640 1676 2642 1676 2748 1641 2767 1634 2985 1620 2985 1603"/></Shape>
	    <String CONTENT="son testament et ordionnance de demière volonté quelle veut"
                    HPOS="666"
                    VPOS="1528"
                    WIDTH="2319"
                    HEIGHT="288"
                    WC="0.9804833056563038"></String>
          </TextLine>
          <TextLine ID="eSc_line_f5f0ffb3"
                    TAGREFS="LT329"
                    BASELINE="2783 1709 2976 1691" 
                    HPOS="2774"
                    VPOS="1604"
                    WIDTH="205"
                    HEIGHT="156">
            <Shape><Polygon POINTS="2939 1605 2925 1605 2912 1605 2898 1607 2894 1607 2878 1609 2829 1619 2774 1615 2783 1709 2789 1758 2804 1751 2811 1755 2818 1760 2819 1760 2821 1760 2822 1760 2859 1757 2861 1757 2862 1757 2874 1746 2881 1740 2894 1743 2899 1744 2901 1744 2902 1744 2979 1731 2976 1691 2968 1607 2949 1604 2939 1605"/></Shape>
	    <String CONTENT="fuit"
                    HPOS="2774"
                    VPOS="1604"
                    WIDTH="205"
                    HEIGHT="156"
                    WC="0.9113001525402069"></String>
          </TextLine>
          <TextLine ID="eSc_line_fb8a6f21"
                    TAGREFS="LT329"
                    BASELINE="983 1813 1074 1815" 
                    HPOS="982"
                    VPOS="1772"
                    WIDTH="92"
                    HEIGHT="63">
            <Shape><Polygon POINTS="983 1813 982 1835 1073 1834 1074 1815 1074 1779 1060 1772 1059 1772 1057 1772 1056 1772 1055 1772 1045 1779 1044 1779 983 1775 983 1813"/></Shape>
	    <String CONTENT="pai]"
                    HPOS="982"
                    VPOS="1772"
                    WIDTH="92"
                    HEIGHT="63"
                    WC="0.8535631000995636"></String>
          </TextLine>
          <TextLine ID="eSc_line_8e7a14de"
                    TAGREFS="LT329"
                    BASELINE="2647 1736 2662 1733" 
                    HPOS="2633"
                    VPOS="1667"
                    WIDTH="31"
                    HEIGHT="83">
            <Shape><Polygon POINTS="2647 1736 2648 1750 2664 1749 2662 1733 2648 1667 2633 1669 2647 1736"/></Shape>
	    <String CONTENT="9"
                    HPOS="2633"
                    VPOS="1667"
                    WIDTH="31"
                    HEIGHT="83"
                    WC="0.9975495934486389"></String>
          </TextLine>
          <TextLine ID="eSc_line_1156a99c"
                    TAGREFS="LT329"
                    BASELINE="205 1912 461 1911" 
                    HPOS="205"
                    VPOS="1866"
                    WIDTH="256"
                    HEIGHT="73">
            <Shape><Polygon POINTS="341 1866 327 1866 314 1867 300 1867 286 1868 272 1868 271 1868 264 1874 230 1874 221 1870 217 1871 205 1871 205 1912 205 1934 263 1930 331 1937 352 1939 354 1939 355 1939 358 1937 373 1930 427 1930 460 1937 461 1911 458 1874 341 1866 341 1866"/></Shape>
	    <String CONTENT="s ou"
                    HPOS="205"
                    VPOS="1866"
                    WIDTH="256"
                    HEIGHT="73"
                    WC="0.9712486565113068"></String>
          </TextLine>
          <TextLine ID="eSc_line_1ea69050"
                    TAGREFS="LT329"
                    BASELINE="647 1906 1100 1870 1395 1860" 
                    HPOS="643"
                    VPOS="1813"
                    WIDTH="752"
                    HEIGHT="121">
            <Shape><Polygon POINTS="647 1906 648 1934 815 1930 816 1930 818 1930 827 1922 863 1897 907 1896 921 1903 922 1903 924 1903 983 1892 1011 1904 1012 1904 1013 1904 1015 1904 1016 1904 1035 1886 1113 1882 1129 1895 1130 1895 1132 1895 1133 1895 1135 1895 1136 1895 1155 1878 1209 1877 1227 1892 1234 1897 1234 1899 1235 1899 1236 1899 1259 1901 1260 1901 1261 1901 1312 1888 1362 1895 1363 1895 1365 1895 1395 1879 1395 1860 1391 1820 1286 1817 1285 1817 1283 1817 1271 1824 1257 1813 1256 1813 1254 1813 1253 1813 1252 1813 1250 1813 1230 1828 1220 1835 1176 1837 1165 1831 1140 1820 1139 1820 1137 1820 1051 1833 1034 1827 1033 1827 1031 1827 1030 1827 1028 1827 1013 1837 958 1834 957 1834 955 1834 931 1844 905 1856 855 1857 843 1849 836 1842 834 1842 833 1842 832 1842 830 1842 815 1850 804 1856 787 1852 763 1845 761 1845 760 1845 759 1845 736 1855 714 1864 697 1856 687 1853 685 1853 684 1853 683 1853 681 1853 674 1857 669 1862 643 1860 647 1906"/></Shape>
	    <String CONTENT="entend exccutée a pres"
                    HPOS="643"
                    VPOS="1813"
                    WIDTH="752"
                    HEIGHT="121"
                    WC="0.9572907496582378"></String>
          </TextLine>
          <TextLine ID="eSc_line_97e35c97"
                    TAGREFS="LT329"
                    BASELINE="1450 1837 1724 1809 2122 1786 2385 1755 2628 1739" 
                    HPOS="1443"
                    VPOS="1676"
                    WIDTH="1188"
                    HEIGHT="212">
            <Shape><Polygon POINTS="1450 1837 1453 1882 1468 1888 1469 1888 1471 1888 1472 1888 1489 1878 1491 1877 1529 1877 1568 1874 1570 1874 1571 1874 1571 1873 1632 1835 1990 1808 2069 1815 2085 1826 2086 1826 2088 1826 2089 1826 2091 1826 2092 1826 2100 1817 2132 1837 2140 1842 2142 1842 2143 1842 2144 1844 2162 1844 2162 1842 2405 1823 2406 1823 2407 1823 2413 1819 2445 1797 2473 1791 2505 1802 2507 1802 2508 1802 2562 1791 2631 1804 2628 1739 2621 1676 2530 1682 2529 1682 2472 1706 2436 1695 2435 1695 2434 1695 2432 1695 2389 1713 2347 1699 2345 1699 2344 1699 2319 1699 2307 1700 2305 1700 2304 1700 2275 1724 2220 1729 2066 1740 2034 1731 2033 1731 2031 1731 2030 1731 1996 1746 1914 1732 1911 1732 1910 1732 1909 1732 1906 1732 1852 1750 1826 1743 1825 1743 1823 1743 1822 1743 1782 1764 1738 1766 1694 1761 1692 1761 1691 1761 1668 1771 1600 1761 1599 1761 1548 1771 1524 1764 1523 1764 1522 1764 1443 1769 1450 1837"/></Shape>
	    <String CONTENT="la mort de la maniere s arisi q"
                    HPOS="1443"
                    VPOS="1676"
                    WIDTH="1188"
                    HEIGHT="212"
                    WC="0.9238312052142236"></String>
          </TextLine>
          <TextLine ID="eSc_line_04104c23"
                    TAGREFS="LT329"
                    BASELINE="305 2030 440 2031" 
                    HPOS="304"
                    VPOS="1974"
                    WIDTH="136"
                    HEIGHT="73">
            <Shape><Polygon POINTS="305 2030 304 2047 439 2047 440 2031 439 1991 414 1991 414 1990 400 1979 399 1979 398 1979 396 1979 395 1979 393 1979 381 1988 363 1974 362 1974 360 1974 359 1974 305 1987 305 2030"/></Shape>
	    <String CONTENT="aen"
                    HPOS="304"
                    VPOS="1974"
                    WIDTH="136"
                    HEIGHT="73"
                    WC="0.9512587189674377"></String>
          </TextLine>
          <TextLine ID="eSc_line_c3e7cc67"
                    TAGREFS="LT329"
                    BASELINE="608 2045 770 2039 982 2009 1529 1962 2044 1897 2312 1877 2803 1824 2989 1817" 
                    HPOS="603"
                    VPOS="1735"
                    WIDTH="2387"
                    HEIGHT="352">
            <Shape><Polygon POINTS="608 2045 612 2087 730 2083 812 2067 845 2061 858 2063 892 2067 894 2067 1015 2054 1016 2054 1048 2043 1128 2012 1292 1996 1413 1996 1413 1995 1414 1995 1449 1985 1542 1991 1593 1994 1595 1994 1596 1994 1640 1981 1743 1950 1947 1930 1983 1934 1984 1934 2060 1919 2154 1928 2223 1933 2224 1933 2672 1888 2673 1888 2716 1868 2763 1848 2894 1835 2990 1839 2989 1817 2979 1735 2896 1739 2895 1739 2876 1746 2779 1783 2591 1801 2501 1787 2485 1786 2483 1786 2482 1786 2468 1791 2398 1822 2142 1846 2084 1834 2055 1828 2053 1828 2052 1828 2023 1841 1987 1857 1947 1849 1895 1839 1894 1839 1703 1859 1702 1859 1665 1874 1633 1868 1632 1868 1630 1868 1589 1881 1486 1881 1484 1881 1483 1881 1414 1900 1374 1892 1373 1892 1265 1903 1264 1903 1177 1936 1150 1947 964 1965 943 1962 899 1955 898 1955 822 1973 746 1957 745 1957 688 1961 687 1961 603 1998 608 2045"/></Shape>
	    <String CONTENT="Donned leque la testatrice tour les leseur qui lui apparteendan"
                    HPOS="603"
                    VPOS="1735"
                    WIDTH="2387"
                    HEIGHT="352"
                    WC="0.9572207341118465"></String>
          </TextLine>
          <TextLine ID="eSc_line_910e12ae"
                    TAGREFS="LT329"
                    BASELINE="2067 1987 2940 1928" 
                    HPOS="2064"
                    VPOS="1870"
                    WIDTH="876"
                    HEIGHT="144">
            <Shape><Polygon POINTS="2067 1987 2069 2014 2099 2013 2100 2013 2102 2013 2119 1998 2202 2001 2204 2001 2205 2001 2252 1985 2318 1994 2337 1996 2339 1996 2340 1996 2350 1991 2373 1977 2388 1988 2389 1988 2391 1988 2392 1988 2394 1988 2396 1987 2435 1973 2487 1980 2507 1981 2508 1981 2509 1981 2511 1981 2511 1980 2512 1980 2515 1977 2520 1970 2575 1963 2591 1970 2597 1973 2599 1973 2600 1973 2602 1973 2603 1973 2610 1969 2624 1961 2640 1966 2651 1969 2653 1969 2654 1969 2655 1969 2677 1963 2695 1973 2697 1973 2698 1973 2819 1962 2821 1962 2822 1962 2840 1950 2855 1962 2856 1962 2858 1962 2859 1962 2880 1961 2881 1961 2883 1961 2903 1944 2940 1939 2940 1928 2932 1870 2878 1886 2836 1878 2815 1875 2814 1875 2812 1875 2811 1875 2803 1882 2771 1903 2749 1901 2732 1888 2723 1881 2721 1881 2720 1881 2719 1881 2633 1886 2632 1886 2631 1886 2631 1888 2617 1899 2600 1915 2567 1917 2541 1907 2527 1901 2526 1901 2524 1901 2523 1901 2522 1901 2509 1910 2487 1923 2450 1925 2436 1917 2412 1901 2410 1901 2409 1901 2407 1901 2406 1901 2359 1918 2337 1907 2336 1907 2334 1907 2307 1908 2305 1908 2304 1908 2304 1910 2281 1932 2275 1937 2205 1943 2164 1943 2162 1943 2137 1921 2136 1921 2135 1921 2133 1921 2104 1922 2103 1922 2102 1922 2102 1923 2077 1951 2064 1951 2067 1987"/></Shape>
	    <String CONTENT="Jean Claude Beueit"
                    HPOS="2064"
                    VPOS="1870"
                    WIDTH="876"
                    HEIGHT="144"
                    WC="0.9893307255374061"></String>
          </TextLine>
          <TextLine ID="eSc_line_2fc117dd"
                    TAGREFS="LT329"
                    BASELINE="246 2134 756 2145 914 2126 1071 2120 1347 2087 1537 2075 1783 2035 2000 2028" 
                    HPOS="243"
                    VPOS="1984"
                    WIDTH="1757"
                    HEIGHT="180">
            <Shape><Polygon POINTS="246 2134 249 2153 283 2145 308 2151 356 2164 358 2164 359 2164 422 2156 624 2158 625 2158 871 2147 873 2147 940 2129 975 2136 976 2136 978 2136 1004 2126 1033 2138 1034 2138 1035 2138 1037 2138 1052 2131 1089 2138 1090 2138 1092 2138 1162 2120 1197 2131 1198 2131 1199 2131 1201 2131 1228 2119 1329 2123 1330 2123 1410 2104 1429 2100 1460 2101 1508 2105 1509 2105 1540 2098 1556 2094 1563 2097 1570 2100 1571 2100 1573 2100 2000 2078 2000 2028 1994 1984 1801 1992 1800 1992 1790 1995 1746 2007 1710 1999 1701 1998 1699 1998 1512 2003 1428 2014 1409 2019 1407 2019 1316 2056 1198 2053 1197 2053 1064 2078 967 2058 965 2058 964 2058 873 2086 721 2092 702 2083 701 2083 699 2083 698 2083 677 2094 551 2100 495 2100 455 2086 454 2086 453 2086 451 2086 413 2096 349 2075 334 2071 333 2071 331 2071 330 2071 312 2078 282 2089 243 2082 246 2134"/></Shape>
	    <String CONTENT="loao cquitte Ili au jour deson deces au ce"
                    HPOS="243"
                    VPOS="1984"
                    WIDTH="1757"
                    HEIGHT="180"
                    WC="0.9501337990874336"></String>
          </TextLine>
          <TextLine ID="eSc_line_9036b9f6"
                    TAGREFS="LT329"
                    BASELINE="632 2265 845 2253 947 2239 1179 2224 1420 2193 1610 2182 1754 2162 2456 2096 2845 2042 2963 2035" 
                    HPOS="626"
                    VPOS="1968"
                    WIDTH="2337"
                    HEIGHT="355">
            <Shape><Polygon POINTS="636 2323 888 2302 889 2302 903 2295 922 2287 960 2288 961 2288 962 2288 1073 2249 1595 2199 1644 2207 1646 2207 1647 2207 1695 2188 1819 2196 1837 2198 1838 2198 1840 2198 1855 2193 1889 2182 1929 2185 2035 2192 2037 2192 2490 2147 2491 2147 2577 2115 2632 2093 2753 2087 2794 2092 2858 2097 2859 2097 2861 2097 2910 2079 2935 2069 2963 2072 2963 2035 2954 1968 2732 1984 2731 1984 2710 1992 2661 2010 2604 2002 2586 2001 2585 2001 2584 2001 2570 2006 2559 2010 2540 2009 2505 2007 2504 2007 2502 2007 2475 2016 2347 2057 1954 2089 1953 2089 1920 2098 1819 2083 1790 2079 1789 2079 1788 2079 1760 2089 1698 2112 1621 2104 1608 2103 1607 2103 1606 2103 1593 2107 1546 2120 1505 2115 1468 2111 1467 2111 1234 2134 1232 2134 1198 2147 1132 2170 1042 2166 1041 2166 1040 2166 969 2195 796 2210 731 2195 708 2189 706 2189 705 2189 680 2200 661 2207 626 2206 632 2265 636 2323"/></Shape>
	    <String CONTENT="son pelit fils, pour en jourr entonte poprieté, à la charge"
                    HPOS="626"
                    VPOS="1968"
                    WIDTH="2337"
                    HEIGHT="355"
                    WC="0.9570236499026671"></String>
          </TextLine>
          <TextLine ID="eSc_line_21ed07ab"
                    TAGREFS="LT329"
                    BASELINE="2618 2275 2739 2268 2921 2246" 
                    HPOS="2613"
                    VPOS="2189"
                    WIDTH="312"
                    HEIGHT="130">
            <Shape><Polygon POINTS="2618 2275 2621 2312 2701 2308 2704 2309 2715 2316 2716 2316 2717 2316 2719 2316 2720 2316 2721 2316 2721 2315 2730 2306 2753 2319 2755 2319 2756 2319 2819 2309 2821 2309 2822 2309 2822 2308 2823 2308 2829 2301 2843 2308 2844 2308 2845 2308 2847 2308 2848 2308 2848 2306 2850 2306 2854 2299 2905 2304 2906 2304 2907 2304 2925 2294 2921 2246 2916 2199 2881 2189 2880 2189 2878 2189 2877 2189 2876 2189 2863 2198 2832 2198 2830 2198 2829 2198 2828 2198 2828 2199 2815 2209 2782 2206 2781 2206 2779 2206 2752 2215 2699 2199 2698 2199 2697 2199 2658 2203 2657 2203 2655 2203 2626 2228 2626 2229 2613 2229 2618 2275"/></Shape>
	    <String CONTENT="sou pa"
                    HPOS="2613"
                    VPOS="2189"
                    WIDTH="312"
                    HEIGHT="130"
                    WC="0.9812568227450053"></String>
          </TextLine>
          <TextLine ID="eSc_line_a96a5739"
                    TAGREFS="LT329"
                    BASELINE="196 2399 438 2394" 
                    HPOS="195"
                    VPOS="2330"
                    WIDTH="243"
                    HEIGHT="89">
            <Shape><Polygon POINTS="196 2399 196 2419 438 2410 438 2394 436 2345 418 2331 417 2331 416 2331 367 2330 366 2330 365 2330 363 2330 363 2331 341 2353 336 2359 292 2359 289 2356 264 2338 263 2338 261 2338 217 2338 216 2338 214 2338 213 2338 213 2339 195 2357 196 2399"/></Shape>
	    <String CONTENT="Veld m"
                    HPOS="195"
                    VPOS="2330"
                    WIDTH="243"
                    HEIGHT="89"
                    WC="0.9855495194594065"></String>
          </TextLine>
          <TextLine ID="eSc_line_a7b4495a"
                    TAGREFS="LT329"
                    BASELINE="608 2393 725 2385 815 2370 1124 2350 1312 2330 1483 2302 1745 2282 1843 2265 2176 2244 2513 2203 2622 2180 2883 2153" 
                    HPOS="604"
                    VPOS="2101"
                    WIDTH="2280"
                    HEIGHT="331">
            <Shape><Polygon POINTS="608 2393 611 2432 745 2419 746 2419 757 2417 895 2374 943 2386 944 2386 946 2386 998 2375 1048 2385 1068 2388 1070 2388 1071 2388 1092 2379 1110 2372 1130 2375 1163 2379 1165 2379 1264 2367 1265 2367 1297 2357 1391 2326 1509 2328 1511 2328 1512 2328 1545 2319 1574 2326 1575 2326 1577 2326 1588 2324 1683 2312 1698 2312 1786 2319 1788 2319 1844 2306 1998 2299 2119 2287 2121 2287 2223 2255 2270 2240 2330 2243 2369 2244 2370 2244 2372 2244 2394 2236 2418 2225 2491 2225 2553 2224 2555 2224 2571 2217 2588 2209 2884 2181 2883 2153 2874 2101 2810 2107 2808 2107 2804 2108 2774 2123 2734 2116 2724 2115 2723 2115 2631 2127 2570 2136 2563 2136 2541 2133 2540 2133 2538 2133 2522 2140 2480 2158 2365 2162 2363 2162 2303 2191 2092 2196 1971 2213 1935 2204 1889 2195 1888 2195 1887 2195 1805 2215 1779 2210 1778 2210 1705 2221 1644 2218 1643 2218 1422 2240 1421 2240 1358 2269 1325 2284 1027 2312 1005 2308 987 2305 986 2305 984 2305 947 2315 911 2323 896 2320 818 2304 816 2304 815 2304 738 2338 731 2341 604 2352 608 2393"/></Shape>
	    <String CONTENT="par lui de pocuree la lilarté à la nommée marie Louis"
                    HPOS="604"
                    VPOS="2101"
                    WIDTH="2280"
                    HEIGHT="331"
                    WC="0.9907729288317123"></String>
          </TextLine>
          <TextLine ID="eSc_line_67084b36"
                    TAGREFS="LT329"
                    BASELINE="2586 2383 2894 2366" 
                    HPOS="2584"
                    VPOS="2324"
                    WIDTH="310"
                    HEIGHT="86">
            <Shape><Polygon POINTS="2586 2383 2589 2410 2621 2400 2640 2406 2646 2407 2647 2407 2648 2407 2665 2404 2705 2394 2739 2397 2774 2400 2775 2400 2894 2383 2894 2366 2890 2328 2772 2324 2771 2324 2770 2324 2768 2324 2760 2333 2745 2326 2743 2326 2742 2326 2662 2333 2661 2333 2659 2333 2651 2341 2631 2333 2629 2333 2628 2333 2626 2333 2625 2333 2625 2334 2624 2334 2617 2344 2615 2345 2584 2345 2586 2383"/></Shape>
	    <String CONTENT="cse"
                    HPOS="2584"
                    VPOS="2324"
                    WIDTH="310"
                    HEIGHT="86"
                    WC="0.9998899698257446"></String>
          </TextLine>
          <TextLine ID="eSc_line_12d1724a"
                    TAGREFS="LT329"
                    BASELINE="1137 2466 1161 2465" 
                    HPOS="1132"
                    VPOS="2377"
                    WIDTH="29"
                    HEIGHT="100">
            <Shape><Polygon POINTS="1137 2466 1137 2477 1150 2477 1159 2477 1161 2465 1155 2379 1132 2377 1137 2466"/></Shape>
	    <String CONTENT="4"
                    HPOS="1132"
                    VPOS="2377"
                    WIDTH="29"
                    HEIGHT="100"
                    WC="0.998928964138031"></String>
          </TextLine>
          <TextLine ID="eSc_line_44734033"
                    TAGREFS="LT329"
                    BASELINE="1165 2462 1400 2432" 
                    HPOS="1154"
                    VPOS="2350"
                    WIDTH="246"
                    HEIGHT="127">
            <Shape><Polygon POINTS="1165 2462 1166 2477 1183 2470 1187 2474 1190 2477 1192 2477 1206 2477 1220 2477 1225 2477 1242 2466 1246 2463 1248 2465 1259 2473 1260 2473 1261 2473 1263 2473 1294 2469 1296 2469 1326 2454 1330 2451 1400 2441 1400 2432 1389 2361 1347 2350 1345 2350 1344 2350 1343 2350 1343 2352 1333 2361 1329 2359 1327 2359 1326 2359 1325 2359 1323 2359 1303 2368 1292 2372 1275 2370 1246 2366 1245 2366 1243 2366 1225 2374 1213 2381 1206 2375 1199 2371 1198 2371 1197 2371 1195 2371 1154 2379 1165 2462"/></Shape>
	    <String CONTENT="onsqu&#x27;il"
                    HPOS="1154"
                    VPOS="2350"
                    WIDTH="246"
                    HEIGHT="127"
                    WC="0.9191932827234268"></String>
          </TextLine>
          <TextLine ID="eSc_line_d91701ac"
                    TAGREFS="LT329"
                    BASELINE="1495 2407 1728 2386 1894 2363 2359 2328 2537 2305" 
                    HPOS="1489"
                    VPOS="2271"
                    WIDTH="1048"
                    HEIGHT="174">
            <Shape><Polygon POINTS="1495 2407 1495 2428 1522 2436 1523 2436 1524 2436 1526 2436 1527 2436 1534 2430 1557 2445 1559 2445 1560 2445 1562 2445 1673 2436 1675 2436 1676 2436 1690 2426 1734 2430 1735 2430 1877 2418 1878 2418 1880 2418 1927 2385 1942 2375 2027 2375 2059 2375 2059 2374 2060 2374 2070 2370 2088 2363 2096 2367 2125 2385 2126 2385 2128 2385 2129 2385 2130 2385 2132 2385 2168 2360 2177 2355 2204 2357 2293 2366 2294 2366 2296 2366 2344 2342 2352 2339 2358 2341 2372 2346 2373 2346 2374 2346 2376 2346 2391 2338 2396 2335 2413 2335 2471 2339 2472 2339 2537 2323 2537 2305 2531 2271 2325 2288 2310 2286 2274 2279 2272 2279 2271 2279 2270 2279 2257 2290 2253 2294 2216 2298 2205 2293 2169 2277 2168 2277 2166 2277 2165 2277 2122 2299 2104 2308 2088 2301 2060 2291 2059 2291 2057 2291 2056 2291 2055 2291 2040 2304 2020 2299 2019 2299 2018 2299 2000 2308 1976 2319 1954 2310 1939 2306 1938 2306 1936 2306 1935 2306 1934 2306 1927 2313 1914 2324 1896 2315 1872 2304 1870 2304 1869 2304 1788 2319 1697 2319 1695 2319 1694 2319 1692 2319 1692 2320 1680 2331 1662 2348 1617 2350 1586 2337 1573 2331 1571 2331 1570 2331 1489 2344 1495 2407"/></Shape>
	    <String CONTENT="sera satisfece de ser tervie"
                    HPOS="1489"
                    VPOS="2271"
                    WIDTH="1048"
                    HEIGHT="174"
                    WC="0.9682788263474192"></String>
          </TextLine>
          <TextLine ID="eSc_line_7773f825"
                    TAGREFS="LT329"
                    BASELINE="1900 2463 2237 2426 2498 2411" 
                    HPOS="1896"
                    VPOS="2339"
                    WIDTH="602"
                    HEIGHT="138">
            <Shape><Polygon POINTS="1900 2463 1900 2477 1907 2477 1978 2465 1996 2469 2009 2473 2011 2473 2012 2473 2088 2462 2143 2465 2144 2465 2146 2465 2188 2450 2205 2444 2210 2448 2217 2452 2219 2452 2220 2452 2221 2452 2223 2452 2224 2452 2235 2445 2241 2441 2250 2444 2259 2445 2260 2445 2261 2445 2263 2445 2264 2445 2264 2444 2265 2444 2267 2441 2271 2437 2358 2430 2362 2432 2381 2443 2383 2443 2384 2443 2385 2443 2420 2433 2460 2436 2461 2436 2462 2436 2498 2418 2498 2411 2486 2341 2468 2363 2431 2349 2406 2339 2405 2339 2403 2339 2402 2339 2381 2349 2372 2342 2370 2342 2369 2342 2367 2342 2366 2342 2365 2342 2365 2344 2363 2344 2352 2357 2329 2349 2327 2349 2326 2349 2325 2349 2323 2349 2323 2350 2311 2360 2259 2352 2257 2352 2256 2352 2216 2361 2153 2361 2151 2361 2150 2361 2148 2361 2148 2363 2117 2393 2104 2407 2041 2412 2027 2407 2024 2406 2023 2406 2022 2406 2020 2406 2019 2406 2019 2407 2018 2408 2009 2417 1896 2425 1900 2463"/></Shape>
	    <String CONTENT="a mea jortté 4"
                    HPOS="1896"
                    VPOS="2339"
                    WIDTH="602"
                    HEIGHT="138"
                    WC="0.9791447818279266"></String>
          </TextLine>
        </TextBlock>
        <TextBlock HPOS="319"
                   VPOS="1509"
                   WIDTH="131"
                   HEIGHT="70"
                   ID="eSc_textblock_9993b82b"
                   TAGREFS="BT549">
          <Shape><Polygon POINTS="414 1509 450 1520 433 1552 363 1563 400 1570 373 1579 319 1574 358 1568 319 1563 336 1542 406 1542 414 1509"/></Shape>
        </TextBlock>
        <TextBlock HPOS="402"
                   VPOS="1217"
                   WIDTH="9"
                   HEIGHT="10"
                   ID="eSc_textblock_6f027eb3"
                   TAGREFS="BT549">
          <Shape><Polygon POINTS="410 1217 411 1227 402 1227 402 1222 410 1217"/></Shape>
        </TextBlock>
      </PrintSpace>
    </Page>
  </Layout>
</alto>
