2479 2675
289 141 2069 129 Notaire Joissioués ; àfait et dieté le Présent son

266 231 2108 142 testament et ordonnaince de Derssiere Jeloutd, ansi qui

269 375 236 85 Suit

946 343 511 86 [edt

1557 371 31 65 44

356 390 2002 162 Premieremeut Je dé ariamsiiller par le Present leu

266 503 2103 147 testarmenm et caducilie qni Sais fait avant le présent qu

1674 558 200 63 35 4 25

279 625 1345 98 dul aura forte et exéontionii

1646 643 171 79 A 11. 2e

395 701 1369 113 Séondement, le de clare affranchir.

1771 650 583 115 dar le Préveur

246 771 2090 117 la nommes Delif malainesaqai denviron, rente aus¬

260 869 2067 120 mon esclave Domistique Pour la lecompeuters ds ses

261 940 2118 137 service Suntqut De jouit en a maladie, et Seur luvister

260 1035 2065 125 ditre à chare à la colonie, de lui legue rune dectime de

242 1117 2091 117 trois ceute pfastres leffeclisir, une jois payée, priant mon

249 1199 2137 110 exécutes testamentaire ay apres nommé i de luis faire coufirme de

251 1289 1987 106 liberte par, qui de droit an yais ve ma duccession

429 1393 1956 116 Coisnenmement je le que la pouissance suidant six aut,

255 1524 2053 92 a Comptet du jour de mon de cis  de ninoin noin

239 1603 2095 111 Domeslafue, nommé Celar es clave indien ag dd'lsviren

248 1692 2146 125 vingt aus, au cetoyen Gilllellfils, au quel lil deva compte

240 1805 2120 94 mie doninie dle Dicep cente Pirotrie Effoctive par mor

236 1875 2167 103 exécuteurs testamentaire, Gour être emplossée soitt letout ou Parte

230 1951 2164 125 à faire apprendre un emetur audit Citar, dicéar

231 2030 1064 117 teume de six à Comptés

1300 2068 1037 97 de mait deces, Sour apres

227 2132 2177 126 lexpiration detdits Jpans, ledit Eezar être affrascte

224 2226 1235 116 de toutes Servitude Jar, les cit

1493 2248 878 113 Geniel, et le Surplut

225 2312 2139 128 de ce qui Restevaidit dite dicis Veeute Piastis, après ledit

224 2420 2060 112 apprentissaige Jouye det e pais d'affianc hibsement

218 2508 2155 128 Rélives, drx Rinis, andit Cchar avec don aetd d libeste

2129 2511 146 62 LAII
