2592 2479
411 1 885 99 auf ftais de ma snec

2479 1 26 58 9

685 112 21 60 1

805 4 1596 151 Pour executer le Péseut mor Testamat. Seloon

2519 66 26 56 2

422 45 2035 211 et mommée le Cit. Antinme fanviet que sa Rai dun

1873 93 676 125 e au ctsmons d'Sub

444 172 1277 159 frendre la done, me desnaisisment à cet

435 239 1246 152 Tous mis biens Juirant la Cntiinsel

659 246 1784 225 Ce fut insi fait et dicte mot à mot à Jean Relois

422 334 2128 223 eiotaiie Résident à cette ville et canton du Port no. au Resit

2485 457 29 80 4

426 392 2011 233 et assistét de Michel Quelet Jean Baptiste Desqanls.

417 471 2038 206 evarchand Demeurante Séparement susditt ville Tathoims.

425 659 267 98 Soussi

735 516 1660 201 s Par ledit Testateur ; auquel le Rrisent à été lu et

425 574 2021 244 Nélil un mot après Vantre, à Declarit bien Pentendre, qu'il

2490 713 40 66 1

429 639 2025 256 Sersiste et vuut icelur être exécate aussitat sondece, Selon sa prom

433 867 309 95 at Besieux

640 762 1815 229 faitt et Pairé en une teule Minus a la Réoicoition

1428 855 1055 126 Son lit dans la Aambre de

418 931 977 148 Du dit Testatair, à Esté De

407 926 2096 234 Du de Pavillion ou les dit notaire, et Temoins Se tont expris

2298 1101 168 77 fre

420 999 2057 234 Transport au Fout nC Jsle de Frlance Van Sept de

249 1082 2020 234 la Répoubliqne fancaire unset nidivisibl le vingt le

283 1159 2150 255 meuf Blemair au Sept quatre treure de laprès midey et a

424 1397 159 80 ledit

614 1218 1833 218 Testateur Signé avec les dits Temoins et ledit notaire

428 1304 2030 238 en la minceste des Présentee Demeure au Couvoir dudit Retur

425 1392 2043 216 nataire donssig ne jonvinte de la quelle sest ecrit Controlle au

432 1473 2014 198 tous ne Ill de fr ce ledeuf finnaire au Sepetiane

435 1547 2041 213 Bieu melle Jibres Ligné dervier, en mange est eciit deellé les

436 1648 1477 190 dit Jous Sigué Bélin avec Varaphe

827 1731 1650 188 Enregistée Var moi Etenne Biacinthe

820 1850 1656 177 Dusson freffeer. Poussione dur une expeditionn

823 1965 1493 150 Dudit Sestoment à moi Pésente à cat eff s.

1004 2050 1495 152 au Poit mord duist lIle de Francs le

824 2122 1655 182 Jingremivoie au sept de la Repᵉ Jian^t ntinde

1833 2224 227 86 Busson
