3292 2479
571 4 650 140 a bondaut pour

736 136 1503 149 à le faire fut présent et este entervenir

1268 61 809 112 le dit Loris Jnlien

458 191 426 106 Menuirier

1887 152 51 58 42

946 224 1584 167 Demeurant en Cette Commiimeet

2257 201 108 103 T

2411 234 10 67 1

2429 239 69 44 de

674 309 2470 146 Aequel à De Pare quel à Entendu Compriendt ledit Louis faliin

2435 242 693 95 queritier Salieut

454 385 2682 152 Daur les differais dous  Lar lui faite auf cnfant de mag ditiens aes lacte

417 479 2778 140 Ce don affranchissement dus datte, et à joutant à tout lesdit don, levit

494 555 2661 125 quinten Julien  Donne pair cis présentes purenient et semplemente

495 622 2688 154 etrevooablemant et outrevifa davoir, à la ditte emagde terme luidand

1936 648 141 51 Fu

476 703 2722 153 quille virra, la pessession et souissance ; lavie Dnant, Pouss ; Par Pad^e

475 782 2640 140 mageeince precedre possession devdité lieussaudit titre dis le

2382 809 155 40 Aa 12a

462 891 2568 124 moment du decet du pit Citoifeui mahie, Sû lui Preinten

1663 886 32 45 d

464 951 2670 148 Juleu ett alors Sorti det a colonie pêt dans Le cai contraire, aussili

465 1041 2619 133 aprés le dipart dudit quiutin Julien, où dis le mement de

451 1129 2239 111 Son Seces, se la mort le Surpienait dans da colonie

688 1227 2391 97 le dit Queutin falieu Donne cia la meme mmaniere que

449 1311 2597 93 ditteu aüdit Lonis Juleen, àl dosiph et à Josephuur tous

1776 1363 21 37 6

450 1388 2625 111 tevis enfant de mags cliene, aniséqu alenfant Dent el leist.

453 1458 2633 128 Eu cecithe la Prapriete du Onii lif dissu novie Pais

433 1554 2693 126 par auf et par ceul d'Entreny lqui axisteront Louque la ditte

426 1643 1499 139 Don atiou poursa sortir son effet,

1951 1685 25 64 4

1976 1643 1008 84 Jocir Du cit. ben, audit.

411 1716 2757 161 litre sas cinft d'es le jour du decés decelui du Ci mahe

415 1793 2670 170 et dela cetayenne Magdeliene Qui ausa survencu l'antre

398 1892 2686 172 pourvie qua la Ditte epoque, lui Donateur ne Soit Pluxcu

393 1969 2670 183 Cett. Calonie, parce quen cas quil dey trouze aore il se réterve

1921 2060 1178 100 Rousi pour nêtre Renie à La

389 2096 1481 155 la possession et souissance dudit

1972 2148 1150 124 Qui ar Leffet de Son depart

402 2185 1542 192 propruété au prafit det dit Enfaur

360 2243 2686 233 de la colonie, die van l'Evement de in deces, si la mord. ly

1316 2390 138 71 Nt

1574 2411 33 37 13

1768 2396 36 67 4

2871 2408 263 69 lei vu
