2483 2600
527 1 653 108 dans la vce de la mon

1112 1 903 162 er affaires afan dute a non

2188 130 17 47 4

2366 50 101 98 uit

533 66 554 144 davoir mis ordre a

517 1 1950 341 son testament et ordonnance de demier polonté quelle veut

2218 161 254 117 asleeudt

1170 134 934 230 la mort de la maniere &ainn

512 312 619 132 entind exccutée aper

1659 236 474 148 ieur qui lei a

1692 290 715 162 Jean Claude Besici

491 449 241 127 Donne

749 312 848 200 legue la testatrice tour les

504 440 1093 205 enutte Ile au jour deson deces au

1672 390 780 229 proprieté, à la charge

2121 492 286 116 Leuir

2172 553 300 144 lou par

509 531 1126 228 son pelit fils pour en jouir entoute

2158 699 223 78 roue

508 563 1592 315 par lui de proceuree la lilerté a la nommée marie

1223 664 823 209 lera satisfeie de ses terviie

501 868 349 101 son enlave

895 793 85 127 le

993 774 135 137 squi

2176 772 104 129 le

2321 758 150 92 sout

1354 839 138 81 Cit

1564 736 445 139 ma joruté

1759 824 384 140 da ne mune

2176 859 275 123 nome

494 888 784 167 étoblipement par mariay

1404 878 348 147 la test a lui

492 980 883 165 enccutée le peseut testament

1401 1018 312 89 Ee fut anst

1770 938 273 129 fau dicte

2101 969 354 127 de meurant

1850 1040 186 124 ublée

489 1068 839 171 dudu Jean Claude Benait.

483 1105 1335 241 par la testatrice a lierre Jres Bélu Notaire

489 1141 1953 267 en cette ville reu de lhopital aucs Piere François fabie Maitie ui

499 1255 1956 266 chaurgé demeurant encette velle rue du Lemites et au ces Francois Maillont

2290 1385 161 86 eques

517 1393 1749 207 demeurant en cette ville quartier des Malabars temoins pour ce

527 1480 1895 221 et exprès appellés en pusence desquels le pesent testament ayant été luds

534 1594 1920 195 relu un mot apés lauter à la testatice elle a décuré y pessister et être ses

541 1678 1901 209 demiers volontés; revoquont tous testaments anterieur au pesent, fait

544 1775 1914 205 et passé en brevet a la réquisition de la testatrice a colé de son lit Port noe

541 1883 1882 211 diuet hle de frannce le quntidi de la pemière de cade de Veulose

554 1996 1884 195 de lan Sept de la Repe francaise une Atind^e avaut la moilie

567 2091 1829 179 du jour et les temoins ont signiavce le Notaiie inon laditie

569 2192 1859 171 testatrine qui a déclaré e savoir cesire ni signer de ce luquis

573 2296 1866 163 Signé fabre / Maitton et Bala, contiollé au port non
