2479 2850
376 1 1131 105 Sommé quellui Doit Par Son Beur

364 26 1351 151 Cinquieme, au la dite Sommé eu Deniere

544 36 1904 217 mentendant, le bestateur Comprendre dansle Présent Lespautrie

365 118 2096 241 Bieus et Effete que ceur quil sosede en cette colmie, et vour le Surplen

346 182 2087 256 de ceux qu'il Joisidden France, il les laiss et donSa la famille

345 305 1989 215 Pour être Partage Sarportion éfale entre des tesitiere natare.

625 565 30 58 1

708 387 1726 225 Pour accompler et exéecuteur le Préveut Testament le dit

338 489 2090 206 Testateur a nommé et nommé la deusonne du Citoisen Chris laphe

323 566 2132 228 Monceais Boncher, Soir ameé Demeurant en la villd du Vort ne

324 631 2142 239 eutre les manns, du quil'il se dissaisit de tour ses biens Sunant le

364 729 2107 224 outenne; anncellant et Revogiuant Tous autres Testamentenlodiay

318 815 2129 207 dqu'il Voursoit avoir Préce dimment fait, voudant que le Present

326 1032 112 76 ait

236 1106 30 97 1

479 899 1960 191 secile sin Cxécution, Dommé Contrait Lesi inteition

300 1040 1101 133 et Ordoune de Dermiere volante

486 1030 1947 222 Ce fut ainsi fait, dietd et momme au Dit et nomm notaire Po

291 1103 2153 238 le vestateur, et aprés ques le Rrévent sus lestament lui à été lû et Relu

281 1173 2152 255 un mot l'unaprés lantre, le dit Tistateur à declare l'avoir bien

277 1247 2186 269 enteu du, if Persister, et ice lui ne Conteurs que l'expression de la donens

312 1494 394 116 Volsnte

525 1439 1925 198 Cnt et Passé double, deloir la lor, au Cantesn d sa Riierd du

302 1534 2165 217 Rempart, lieu dit le Pitoit, eh la Maison du testateur cipdesne

294 1771 246 105 De cuite

646 1610 1818 212 de neuf vuu Dumiaire de Vain Sepot de la Republig

289 1710 2140 245 francaise uné et Jndivisibele Sepet heuru du matint Présevre de

289 1801 2142 213 Tomesit Dane Afficur de Marme marchande Demeurant

270 1871 2172 226 lau din aisement en la velle du SPort n. Ci stant ce jour au Volos

375 1960 2043 209 Sean Louis Raisieu demeurant au dusesit Lul du Jotau,

283 2047 2143 209 Léumoinr à Ce Requis it appelles lesquels bemoins, d'a prèc la

264 2161 2195 180 de claration du  Tstateur, de ne davoir ocire, nef dissuer; quoique de ce

232 2246 2213 224 faire enquit et interpelles deuvant Dou domnce, out Seuts Signé

584 2436 393 65 dt a aracp

999 2451 30 41 4
