2479 2767
433 24 2029 112 en Ce port paroisse C^te Louis Rui des pomplemousse laquelle

450 115 1950 112 Considerant la Certitude de la mort Ile danges d'en Etee

438 209 2021 106 Siaprite avant davoir mia ordie a sles affaires a dans la

447 302 2013 106 pleume jouittaiice de Sis ent Espril me mous et entendement

442 390 2010 103 aiité qu'il a apparu aux dits notaires L temoins faitf

459 478 1437 112 dicte Son lestament de la maniice Suivante.

452 679 2007 103 de ne pas En Contracter a l'avenir mes fucaltes Contittent En

585 590 1869 104 Se declare navoir dons le moment Aucune dette et Cetpese

445 770 620 90 monpditet mobilier

550 823 1899 110 Ditirant reconnoitre le T'ervice Que la nommée fanchon

445 923 1977 97 endanne mon Esclave mé rend de puispolus de disant et

452 1011 1988 95 dans l'Espoir qu'ille me les Continciera jutqu'a ma moit je

452 1094 1956 105 declare l'affranchir et Veux qu'elle soit libré après mon décit

444 1180 1958 108 et poud qu'elle ne Soit pas a Charge a la Colonie je lui

452 1268 1974 95 donne t^e Marie Franoite Safilte Agée de sis Ant et les

439 1363 1947 118 Aatie Enfants qui pourroute Cxister d'elle au moment

445 1454 1960 123 de mon deces 2'une Somme de trois mille livris, que Sera

456 1549 1966 105 vayée Antsitot que mon Executeur testamentaire Cy aprèa

412 1621 1414 112 dnommé Aura fait Confamir Sa Liberté

575 1749 1844 94 Se nan me pour mon legataire univerte lle C^en François Rablt

427 1827 1979 117 Duistier Aux hibunaux de Cette Jsle mon Voitin et l'eux que

419 1913 1993 109 tois les biens Qui poursont mi rester Après le legt Cy dethus

458 2013 1939 96 acquette lui appartiennent de pleun Froit Austitot mon de ces

465 2086 1897 110 me disaitissant detdits biens En la faveur Conformement

444 2195 661 95 a la Contumee i

604 2282 1744 151 Jétablin pour mon Crecuteur testamentaire le dit
