3317 2479
578 13 2696 131 mes maladie deux lits gurnés a fon choix mon arnmoire deux tablis, Ry

575 129 2689 140 touvests darqunt deux milleres aragont et sr ceculleres a caffé lamoitie

579 269 2476 140 de ma vaisselle en plals assmétée Loupieres taster à caffé et autres.

599 360 2704 159 Deples ille partagera dans la moitie des bourriques Cabris cochous volaille

617 527 1373 105 de toutes expecer telto est ma volonte.

37 626 574 86 Marie Lourse lea

632 616 2661 130 Demème jeuteus que laus les noirs portes sSur son reicusernent et lhabitatie

28 707 578 90 nomnie Cliarlette

28 743 3264 157 Ae de Jean Hnarie Julle a achitée du Cit Manjean lui soient remes comme a elle appartenaut

28 897 1184 120 M j j reconnai entonte propriété

31 1017 391 95 avout, Sonne

604 979 2383 115 dᵉ ja donne aus enfunt de sean Lonis Neptune ma garde robe

629 1085 2594 117 4. p reconnais avoir donné a Adelaide la nommée tuphrane, fille

618 1216 2017 100 du nomme Vinient d Esther tous deur mosambique.

632 1329 2540 123 6 je donna aux enfants de Jean Louis Neptune le nommé Jean &

610 1476 2654 116 Daptiste sonfils ainsi que la nommée Marie anne safemime pour par ceuu

588 1598 1744 101 eijouir entonte popueté telle est ma volante,

570 1718 2691 108 272 puteuds que largent complant qui se houvera existant lom demon

555 1828 2695 101 décer sont partagtet par egale portien entie Itet hesitiern et laftue

606 1941 2646 123 fresanne dantant que cet argent porcent d lai cente des grancs

646 2049 716 125 de Jon habitation

1286 2115 44 81 4

1589 2181 50 95 6
