2958 2479
2154 2 573 76 leut bentieme

355 81 2498 103 la dette maston Ruc de haverte An Port N. Isl. de france

305 190 2516 103 lan Sept de la Republique francaite une E rndiritible le

345 286 2544 139 trois prairiat ing heures de Relevée Lont lesdits temoins

323 417 2585 129 Signe davec le dit notaire et non le dit testateur, ayant declaré ae

347 523 2491 105 Savoir Eerre ni Signer quoique de Ce faire Requia Sr interpellé

329 639 2600 114 Suivant lordonnance Aimte Qu'il est dit en la minutte dit

319 739 2545 134 présentes Demenmée An Bouvoir de Belin notaire Soustigné

272 845 2599 147 dntuille de laquelle Est Eait Controté Cau Poit nord ccett isle

303 970 2531 130 de france le Douse germinal du Sept ticu mille livres Signe

286 1056 1928 143 morchandite. lletté le et jour Signé Belin /.

651 1184 2276 128 Enregistie par mai Etrenne teauulhe truesson Gefficer du Vetunl

657 1304 2270 128 ant delle de France soussigni sui une expedition sedu testa

651 1422 660 121 peseules acut effil

637 1457 2281 190 Au Port du Mord acest Jsle de Francee le hiugt Pioncal au Sept

643 1604 1041 114 de la Rrepès feci mui it nie

1730 1593 59 61 ee

1773 1611 478 98 Pusson

1 1791 234 93 ment

323 1746 2426 153 dardevant le Notaire &les Temoins Poustignés

0 1918 90 47 l

268 1899 2665 122 fut prétent Geoiges Guyot Ci Sevant Cocque Sur la fregate

1 1952 205 168 Guyo

254 2028 2686 142 la Prudente, na tef de Redon Anciunsne Provence de Bretagne

263 2151 2154 117 fils majeur de fen joleph Guyot e de berrine.

232 2246 2709 142 det mère Actuitement sansla salle S Nicolat de l'hotnie de

2503 2196 426 103 Sis père

261 2361 1791 111 Cette Ville E Canton du port nord Cuist
