2479 2617
1718 1 97 28 22

362 1 1312 89 Qulelle y Pertitte Castant Reroqaante

353 21 1999 157 tautres ispotitions qu'elle pourroit avoir Cy desant fuctis

364 142 1969 144 Voulant qui le prisent lestament Seul Subsitte et ail

356 219 1987 175 don plein Et Entier Effet par tous les meilleur moiyens de

362 325 1911 151 diot dont Acte fait Ef joasté en l'Cuude du d notaire

376 428 1899 130 Sité rue Corderie port E paroiste S touis le Vingt necef

359 527 1942 131 Suin mil Sept Ceuts quatre Vingt taire lan deupieme

359 625 1859 139 de la Republique En la prétence et Continmelle a Mistance

357 716 1959 138 du C Serone Allur Greffier du luibunal de pais demeurant

356 844 1961 115 Subi. port paroisse Plours et du C^t Fançois Deroin

373 949 1847 105 sourrier au Regement de pondichese temoins francais

347 1029 1912 113 Qui ont Signé avec la testatrice et le d notaire le present.

359 1102 1939 135 teslament fait desuitte et delivré en Brevit a la d^e testatrice

350 1192 1865 142 a Sa Reuiitition Capreste marie Gueard Ve Jarre, allur,

353 1291 1873 138 haiion et Brun, en marge est ecrit Controlé au port

353 1382 1849 124 nordouest le 16 prairial lu Je Ruu mille livies Signe

356 1500 466 97 maichandite

434 1533 1771 131 aIl est ainté au de Brevit ouginal du de Testament

431 1623 1790 110 aduement Signé et paraptiée jorte la preseere minutte.

428 1693 1859 117 ede lacte de depot dont Capedition des autres parts le tout

427 1766 1854 119 demeure a Rose lun des notaires Joustigne Signe Roze

455 1860 370 94 et Belin.

633 1895 1630 121 Enregistré par moi Etenne hiarcutte husson Greffar du

647 1983 1600 93 tubunal uvel de lsle de france soassigné sun ui expediturs

648 2067 992 92 du det testanent amoi peurdée aul effit

635 2105 1586 133 Ansoin du nondons Jle de fance le vingt et au rasia aufept

645 2217 907 101 de lu Repe fer un taude Busson

1429 2355 81 78 2
