2533 2479
380 1 788 55 executeur Destarnaitaire

534 2 1543 131 et Commé Le dit Oeslateur ne Connait au aun

380 9 2147 219 quel à été affranchie et à Srouse la ditte Marie Bançoise Colombine

385 78 2141 219 de laquelle il n'a en susqu'a présent que de la v'aliofaction, il

376 148 2148 227 nommé et Mnititue sa seule et unique Legataire universelle et il veut

382 213 2142 231 enteur que tous Ses buins Géneralement quel conques qu'il de leisera

384 283 2137 236 au Jours de son decé lui appartiesant et quelle en despore commet

395 459 872 135 Choie à elle appartunanté.

1544 429 977 157 Son testament le vit Cestateur

606 510 933 134 Et Pour Exicuter le Présait

1596 509 919 138 Ceslamentrire la Sersonne du

369 596 1183 136 fait et nommé dour sou exé cuteur

369 570 2157 223 nommé Je au fancoie noir libré de Caste Milgache qu'il tri

371 662 2155 216 den Rendre la peine et au quel il donne une domme de deu cent les

2046 718 452 116 la dit lestateur

385 782 1643 168 dour lespeonre  et Joimie s qu'il Poursa avoir

380 830 2125 200 Desaisissant à cet effet eu des mains de tout set Chaeus den

381 983 1160 136 Tiende Suivant la Contumen

548 942 1967 265 Aisé à été fait dicté ets nommé far le dit testateur andit onte Jeau

374 1048 2152 228 Baptiste Pouis Gévent Prévore les témoin, et là luiy lecturd faitte deul foit un

374 1245 537 90 moté a près Faubie

942 1101 1584 199 de dou Présente testament, il à désaré l'avoir biin Cope

1185 1173 1342 173 Sa libred et dericière, quil veut êtrd éxi caté aprés le

367 1293 803 102 et entendu, qu'il eontient

359 1250 2167 225 de cet Nonobitant Doute Chila Qui Pourvicat fibie Contraire fait et R

1567 1382 8 58 1

2009 1330 519 94 Mne Gevne  Festaire du

382 1435 853 106 au  Vort Joisns dIl

1232 1374 756 128 d pance eu lnde dudit

1564 1454 61 40 445

367 1400 2156 232 Nux Le dif maf du moi de fescier mil dept cent quatre arngt nmu f.n

377 1476 2143 238 faures dumatir en  Frévence de M. hibrard chirurosient ces hopit an

374 1681 569 113 du Riyt du

990 1570 1531 162 deeur mier las Chalque Marchaud Deniair aut louis det

1290 1630 1234 146 regee qui out dissne avec ledit notaire et les

381 1725 894 141 Vamplemousstes Poar ce témoin

380 1710 2139 226 Testateur au quel ces Préventes ont éte en perles en Drent a sarequisilioin

1626 1795 811 116 Chalque set Javent 14

326 1838 1291 168 enpriie ainsi Signe falilé, hibraid.

2148 1868 354 101 an Suiile ler

369 1903 1752 162 Contiole au Port nC le Dett Bunaire ae deptusnt le

384 2020 680 127 Signé Marchandire

1191 2057 131 51 3

611 2023 1901 176 d'Enrédistre Par moi Etienne héacicitle housson Grefteir da hulte

2061 2163 106 68 l

2181 2159 18 66 1

611 2107 1877 151 de la Colonie de liste de France sussisné sur uné aape

626 2166 1389 143 du dit Destarisent à moc Prévente à cet e

710 2203 1813 152 au Port i c Vile de france ce Quatre Mransais au

1977 2282 241 73 Lumin

650 2287 1267 131 soptiere de le upte frante unt idble
