3242 2479
375 145 436 101 2 9 Brenaire

2524 104 379 138 ublie

471 236 250 79 Ante

855 168 1478 147 Vodevant te notatres

224 351 603 102 Destameert du

897 245 2087 191 a l'iole de ftance Soussigné et les temoins ces apris

532 439 14 43 1

891 403 1039 88 nommeau1 Sousi quet,

2149 325 827 106 Présent, ce Citayen

387 409 2582 181 hourteilfer Jean Tourteillier, Maschaird, demensant au liun dit

768 504 2216 181 la pleie verte, dansne Chanbre diunn Javillon, er

677 586 2373 185 Charpente appartenante à antoins dauvier Canton du port

684 656 2361 167 nord auest, fils legitions de Defeinte Jean touzteillies et de

695 735 2266 183 francoise abeille sespere et Mar, en leurs vivant

692 816 2336 176 Doinialie, à Rainboin Ret Chantead Béusant, arcrsson

716 970 918 100 Pravisice de Nontagné

911 970 2118 186 Lequel etant dans Son lite nalade de Corps, mais

723 1049 2291 190 Sain d'Espeit memoire et Jussemairt ansi q uilest

732 1136 2281 177 appanne, au Bnotaire, et Sismoins Boussignér, a fait.

724 1220 2278 155 et eiete ce Révente din testemint et Crdonnanés de

712 1327 1360 142 dermiere Volante, ainsiquil suit.

921 1407 2042 157 Bemiezement Je déclars affranchir Voins le

718 1492 2256 163 Plésant la nommé hélaie ne gretse de Sava, afes

695 1597 2275 152 d'euveron qusize aus, Mon Nelars et Sossnfant male

695 1691 2292 133 anonime, inoin encore nommé, mais, se declaris var ly

684 1750 2319 149 Révent a dapter donr mon sils Vour Far lui Suacéder

680 1844 2359 136 à mes buies ainsi que Se le toit né d'un Légtios nmavag

859 1940 2143 149 Secondement, les Frais de Paffranchissement

659 2052 2268 114 de deu f. Sus nommer, seroist Vaises des denier de

681 2174 623 81 ma succession.

687 2242 2231 151 en favair de la liberte, la sososm de qlatre cnt S.

955 2149 2015 181 Teviscemait, Se donse et eefue a la dittt Ielise

2927 2237 72 65 3
