2767 2479
2086 2 580 72 cent Quatrieme

349 42 2364 146 dannierx Etant je nomme en Rlace Collique Aiine Ces Rutiose au le me

315 179 638 93 Siqué Cochaut

340 203 2391 174 Le Ces Colleque Partant Jeprie Mousieur Dubiquon de mobliga

315 327 2377 145 de le remplaur Le dix huit Ruviose an yaur jeperseste Sigué

337 428 2362 157 Cochant. Pert Nclle de France le vingt trois Viutor

344 544 2392 132 an y° Cit le vous Soune avis qui vous avez éte chuisi Sarfui

316 652 2378 134 Cechaur dit la feurene Vour executeur Teslainor Paire Coupointemen

309 736 2424 128 ave le cit darbé de marbois uuller ye vous me marque si veur

312 849 2359 119 accepte du refusen Cette charge je suir fraternelliment volre

334 948 2420 127 oucitoyen De ville sils Rier dur est ecris Jene Seurx acceptre Sign

315 1052 2421 144 Dulignon. Coutrollé au port du Bore ocmst le Frunier Jamn

22 1170 213 87 Locare

320 1166 1573 116 ain J Collationne Sique Marchaudise

906 1198 1823 190 Enregistré par moi dienne hiacuitle hessou Greffice

906 1318 1726 143 du tubnnal unel de lJsle de france poussigne lis

921 1374 1828 193 AusPert duttord oust hlece france le prenceer Gemuns

918 1508 720 135 au Jl Aa Busson

885 1652 613 131 L Jnieze

298 1714 2305 171 Au noim de La Saintd Trimité troisieme Suptement aucesi

2149 1790 23 66 2

298 1791 2449 212 tenament olograpche du vingt dny fremaire dt et au Supptmes

290 1895 2434 188 du Treute pluviose et vinogte n deutore Suisant, que jai lemie

300 1996 2395 186 a meseeurs fumlnir Fréris mes Executeurs testementaires

1 2162 150 93 pere

431 2105 2326 177 fain de Corpses Sesprit Jujoute a mes Eredrutes nesposite

432 2304 92 96 hl

582 2193 2156 173 Suiveruler aux ylulles je prie MeM Sauluur dere

585 2390 257 87 torimée

855 2385 82 70 J

1050 2335 1690 130 a rutefie ali Couforime mocedit restament
