2479 2617
577 1 1093 132 Doissemement se le que la jou

1737 7 605 104 de moose noir

421 72 1297 153 a Compter du jour de mon de cer

392 84 1960 240 Domeslieque nommé Celar esclave indien ag 'luviron

412 178 1997 230 vingt aus, au citoyen Gilltil fils, au quel il seva compte

407 274 1980 214 mee donne de din pcints Piastrie Effective par mon

1879 341 534 93 soit letout au Parte

396 404 1401 149 exécuteur testamentaire,a Pourêtre emplossee

1798 427 586 99 Cétat, dice au

401 468 1329 152 à faire a pprendre i mitier audit

395 523 1960 179 terme de sif à Compotes de moi decs à Sour aprer

394 678 761 104 lexpiration det dit

1205 581 1218 167 Snpanr ; le dit Eevar être affraschi

379 677 2005 195 de toutes dervitude Jar le cit Gimel, et le surplut

385 770 1987 179 de ce qui Restera des dits dens seinte Piastres, apres le dit

2147 914 115 57 I9.

2304 899 22 67 1

383 859 1918 179 approutissaise paiyé; et 2 frair d'affranc hissement

375 955 2005 154 vélives, être Reiii au dit Cetar avec son getd de libeste

2112 1010 252 86 lII5IITE

1884 1084 71 66 351

375 1084 808 105 Var ledit Pn Gisel.

2106 1097 253 82 CGensel

1110 1148 1076 105 Se légfne a la  itoyenne.

517 1182 558 114 Quatieumiment

1781 1199 583 99 dolage et Sif

363 1260 1387 128 ière, St JCouvert une Ceullier à

363 1301 2041 155 Cuittiere a Coffe i le tout. d'arsent  a ve Friant d'acaptes

366 1413 1905 122 ce leoi Commé mil Margus de mon de ouvenit.

537 1487 1812 144 Se fui mon Souintuir Cistacitairet de Neudre ma

367 1609 867 112 maison ou la Couserve

1232 1552 1155 117 Solon quel Aroira d le. L'lur avantay

1263 1647 38 38 1

1359 1651 12 45 4

356 1642 2024 155 auf intérêt de Ceux di me Prente que la ploi appellera

1308 1734 73 81 103

1648 1734 374 71 laa md

362 1794 1238 93 d ma Su ccesevu mon an e

382 1815 2002 157 i. Le nommé vour emon axéciteur Destansentaire dle citoye

366 1888 2030 150 Meuard. Capitanne de nmarime Marchaude, et en car d'abe

347 1965 1970 141 de mpichement du dit Jonare aBel qre derae

1305 2025 1021 78 Vcsert au monseat de ans

346 2060 770 117 Aangée de saréchten

332 2093 2007 143 docat,e d'accept ma tenintiit dus con le citoyen

321 2148 2035 163 Laurcat Bideluigt de cette ville, eme dessaisissant à at ef
