3433 2479
902 68 268 87 aleui

2003 1 139 54 a

2147 1 288 89 endet

1220 101 1221 145 tormerie Eer moyyen de

2625 16 14 76 1

898 223 182 82 Sa

1096 257 1544 132 aoltie aion ct de Juaza

866 380 351 86 Sccies

1310 424 2095 142 oue par le sur lilai ilo decedin jsersiner de

2935 377 229 91 2e

847 556 2548 132 et louide hesernette jouire, faine et desposen du

834 695 2550 138 dets bien ei de sln de diques en toute popue

797 874 2616 98 a corae lon du Jou dn elecis dic pernourant den

767 1026 2536 82 a la secile condition dles charger, droits et.

739 1181 2660 86 qus portesione dont ler bien qui len Jncomberant

724 1326 2663 87 vonnont atre tecins poscr la Venie Seculement

681 1495 2710 94 ceste dona teon reupraqne ainsi farte pours les cante

640 1615 2746 138 ei de lant dle duitte et parce que telle et la Volonte

622 1764 2753 157 exorede dles dona turs, en conlequeccet e pour opeus

592 1896 2754 182 le sets dcelle il se sont de suisé anpersit lun de

562 2034 2784 208 lantre et du Sus litant deur a accepté comme dit

538 2189 2797 188 ei de tous let vieens ei destun mentionnés cet dela

1446 2337 1872 140 louide teurnette de Voute ceur quelle
