2958 2479
151 568 205 77 20

252 772 113 59 1

143 940 235 88 Iᵃ AE

247 1136 71 66 DT

728 104 1330 134 fme parcmpare anditer qarert 4t. p

2080 177 34 57 1

726 217 1067 138 aien en loute paperaté.

720 252 1970 210 Vicit 4 en teur lad^t le tetuie quala ne Minte

712 369 2013 195 rengresle induinne chere lele les ebit apfniliie le lnte

705 490 2003 190 sor le tudeu e pore railon de ce lui vonne le aque con

712 672 807 115 de trois cecitlatur

693 732 2034 193 d pcrue evecesten ce predens les tement la lsto

681 852 2053 183 a momine ca porsonne du zuegnes pelichet nt

683 979 2039 177 au qon tesuement loe he dr irdie cuc l

670 1112 2040 156 rala loe ente les mam lu gerol ete

672 1228 2040 149 dle Marsot la tousile vienne lis lent Ceconte

675 1366 2017 132 poulant quil re sle queduce de tonte e

655 1509 2031 98 eunion Jusyna ceque lesdite Cenune te

632 1636 2042 93 menine sint por lei a lecir mapouté

643 1766 2006 89 datitaament par mariepes a la charge dececom

2787 1733 52 76 4

2915 1689 11 77 1

2869 1766 46 61 3

643 1879 1987 105 eles hocete posir lane en hretien ef aduc tion

2783 1826 74 85 de

625 2016 2034 103 le futani si fart diuh es nmie par ledet

622 2138 2032 106 sert lahrie apieieyte lalie ntaiie duni

626 2247 2027 125 de mere t enefe Ville mi dle isprteta

613 2355 1275 122 vmogena malater le nur

2504 81 210 63 ceteme
