2479 2683
478 1 1194 116 deur nour mozeibigne nomis

481 49 1789 179 denvicou queinze aus, et laan agé d'enteson donze

481 131 1799 196 en, cesquels demeument emplones a la enttiure du

477 235 1796 206 tinecie du dit ertoyen bron quen roison de ceque les

497 326 1771 216 bien cenis pa tiennent en partie du poduit de leu

488 445 1777 203 Jra tour commeun, ils dle tirent qua tenant le cens

497 554 1761 198 de lun deux le Surtitant Jouiilte du fuit diceur Son

524 652 1710 203 son zoies ete trotible ni nigniese par qui que ce

502 763 1745 201 Soit. quaqua la concurence en apès srcifie ; en

509 852 1759 201 conseqnence et dons la lue de sé donnes des prente

506 964 1765 206 nmn suelles de recormaistance ils sont conteun de a

515 1176 386 102 qui Suit /

521 1205 1752 172 les dits francois leroy et louise heuriete se sont pour

523 1298 1726 185 an peseutes dona tiore mutuille ; egale receprogne et

527 1377 1719 208 en tre vifs au Sur vivant deur ce accmptent respeetiteme

527 1468 1698 214 sea vons pan ledit Françaie leson en sa Veurs de la ditte

526 1577 1623 205 louide heune tte le la quantite de neuf arpente de

521 1681 1731 217 teniis habitation a prendie sun icille dle truite neuf.

529 1790 1751 202 comeride an contrait dadit jours cinq Jan Vier mil Sept

527 1894 1726 215 cent quatre Vingt enze et ce dons lapartie qui ett

538 2004 1723 225 adjeyante a celun qui aportient actuillement au estoyen

523 2141 1730 196 Jean baptiste mole, laquelle laditte denataise declare.

530 2237 1729 228 aenfoitiement bien connaitre pour la Voin Vice Et. evaminir

545 2320 1702 227 et faine pertie du tenoise sur aquelle elle reside ae tuellement.
