3375 2479
2790 22 157 96 10.

39 334 60 54 —

327 286 235 88 192./6

6 384 517 91 Jan 4 Pep

282 380 99 46 Poshe

764 168 2606 214 nde Vaut le nature denoiy aliile de france te les temois

544 342 180 83 Live

712 297 2657 213 esy aper nonunes Sonsignes fut pesecote la n^e mor

8 490 651 88 Destament de la ^c

669 509 22 36 2

1 615 693 138 ffranchie du S^e Pe. /.

13 746 55 51 —

88 735 170 55 2

658 541 2711 232 sen un lit siveu nu appar tement dune maison.

336 809 154 122 43

702 663 2668 232 a pjens tenante ii malu me ranale malade de

387 948 150 115 Pose

708 768 2660 235 corpe, mais neanmoin soinne deait memoire 4t.

3340 946 22 34 1

552 1009 61 127 6

706 925 2611 187 en sudemeest aindi quil el epparie aa dita.

712 1037 2658 185 na laire Es temoins, caqielle clacr la luc de la mois

699 1163 2671 167 raiquant drete pechien a lant da Voiie miroidie a

702 1275 2664 164 les affaiies afait orise et nomme lepesent Son.

697 1366 2671 213 Vestamens Earooiance le desmieres Volontes le

687 1510 1890 182 la manière M aineiti quil suis.

690 1618 2673 177 tst trentend lad^e bestiasiie que vant lecar; dle son

687 1718 2649 197 deces le nomoie meccure noie de ente malgachei

686 1804 2677 201 macon, éoit et demeure affrane hie de tonte Sr lilede

679 1919 2676 181 qua ce l effet son evecuteur eyapes monne; varze tut.

675 2025 2672 196 ce quil fure dia les la ser tontes les de marc he nece saire

677 2235 539 104 a ce seffet.

666 2254 2655 204 eqnant au Surples de ses ien la tu labice; Eer donne

1907 2366 1397 111 ni u pecepsen demenrand.
