3317 2479
1163 1 1407 140 leceyoir sSon testanmet en ordonnance de Derniire volont

1803 1 801 73 uen les requixteoin à nouofaite ele

1151 61 1340 135 lui même fait et dicte ainsi en de la manière qu'il Seirs

2639 45 65 56 de

1257 139 1473 143 i veux et enten quau cas de mon duis, toutes mes dittes

2589 97 142 77 quila

1135 210 1530 131 aucunes Sont, Soies pargés en prélevrés diur le plur elair de

1129 285 1616 132 bien qui conoiste Marittenant en quatre esclaves nommes Dédre

2672 307 70 51 Aae

1114 360 1556 123 noir mozambiqne, zancore noir idem, piersre noir iem, en l

1106 436 1622 130 noir Malgache ne vontansy compreittre uet autres esclave se

2691 432 68 76 lar

1099 513 1319 110 après nommés eu raison des dispositions cy après.

1173 577 1562 148 je veux en entends quacu dits cas de acon deces, la nommée Bla

1077 656 1689 138 Louior négrefse créde agée D'envron trenteaus mon coclave, no

1068 732 1686 131 les aommes jouasse, Baptiste, touielle ets jan Marie ses enfant de

1064 812 1697 142 affranchis de toute Servitude generalement, queleongpe, leur faisan

1055 902 1701 114 don en legs de leur Liberté lissaut aux doins de mon executeur

1041 969 1709 125 lestamentaire cy aprè noncerré le Sous dobtemr la Conférenation de

1034 1064 1745 105 polontés à ceivegard, instituant à cette fun la dite Marie Louise pouon

1011 1133 1778 117 légataire unigerselle en tonte prépriélé, poulanc qu'a compter du joir

1019 1221 1773 106 de acon decès elle pouisse et les diens Sucessivement de tous les ban

1015 1304 1771 106 qui pourronts alappartieur a quelque somme que le tots puisse de

997 1385 1806 110 nmonter, à la Condition de par elle pracurur l'affranchissement àle

987 1475 1816 110 nomumée Rozette négresse Malgacle mon esclave à laquelle je fan

976 1568 1831 97 egutement don et legs de sa libertt a compter du moment de mon dun

957 1658 1851 100 pour par elle en pieur et Disposer tomme di elle etos ae Déptraction

949 1750 1855 92 libre lui Lequant en consequence unt domme de douze ceuts levrers

949 1839 1876 100 monavie de lele pour se conforemer auxriefements, laquelle Sounr

933 1926 1889 124 acusi que touts ce que ji pourrai devoir à amon duis dera prelevie du

925 2014 1896 134 la totatit des biens legués à la dite Marie Louisi en à Ser enfants, cette

910 2120 1913 162 undition étan expresse, mognenant lesquelles disposittons jun dion

3289 81 8 49 5

3183 243 127 156 55

3245 395 66 69 liû

3255 557 52 68 ee

3266 639 41 55 4

3268 723 42 42 4

3282 800 26 44 4

3190 798 41 77 5

3080 851 37 55 42

3198 895 114 64 0e

3074 925 85 59 Av

3082 973 218 81 ecrere de

3230 1046 81 61 ne

3093 1070 32 82 6

3198 1134 113 102 qur

3110 1155 40 65 2

3111 1220 201 93 ports 4

3117 1308 195 85 deuxe

3199 1378 113 81 Col

3118 1465 193 94 S. E il

3114 1586 152 81 dafft

3111 1652 200 76 deeze d

3106 1735 208 78 dexpecr

3113 1819 197 95 quellet
