2221 3508
1152 1 593 49 ro corgen

1856 1 146 63 qee

508 48 1529 113 Et amaot a a Surgln dudit lestement ent et

510 148 1502 103 een fine quel Sort evient et le present csd

505 241 1503 96 eilose lent sonne et temenr nommant

503 339 1560 101 sa sondlont la pertonne en eitogen goamphe

499 426 1569 98 picane le sorbiie pour levenition dudit

489 510 1599 121 re s Tement et deyre lent codicile se de loitivant

491 590 1579 115 con lu Sermarnir an tonne de la contume.

475 680 1621 126 ei coit acnti fais diu té M noemmé par ledit

475 765 1619 137 rest'aleur an et Voyen Jaan lap hite bomber

469 861 1638 144 mataon publie du can ton der pom plemous

473 954 1652 135 de meurant en presence des ce toyene elandt

456 1042 1655 164 frann hebois et piene louis Gane lie Cour deur.

448 1134 1628 165 alitente sur la plaine des pouplemonssir

458 1227 1647 160 temoinss pouvce requis et exper appellir en presn

454 1305 1687 180 de dgnels ledit codcile asant par ledit Notaiis

448 1393 1634 191 été lu et relrandit reslateur un mot apur

436 1471 1671 210 lante il u de claré y perchit sen che ses demieer

428 1592 1578 197 Rolonter e. Na Vour uin anehanqee.

425 1660 1684 228 fait et pare enbrelit a lu repuisition audit

423 1755 1671 219 restateur a coté de lon lit le dit Gour Samedyl

425 1845 1696 242 septembre a Vant niedy lan mil Sept cent qua

421 1943 1702 231 Mmegt heuze le deuvaine d la reoubligne francache

413 2024 1700 248 et out lendite temoins et le dit restateur Signé a le

407 2130 1706 241 le Nnotaire Seur la Minutte re sterenhe les manns

407 2223 1683 244 du dit Notoire en marge dle laquelle M cont.

401 2332 1708 238 con tiolé acpor t. cons plle de France ca dit. Sep tembe

403 2434 1677 226 Sept cent quatre Viigt Lize lan denvienmes de la ruy

401 2527 1654 232 hauraise Signé Ses Vin qui a marque repe qua

393 2695 761 160 Solse Sigué bombard

978 2716 1110 158 Enregistre par moiconnuis preffrie qui

973 2781 1097 152 du hibunal de pmemin quittame ilel

967 2862 1099 162 de france Sontsigné Senr ce registe.

969 3001 1099 181 aupent coumisle de fracçce lan deur

959 3069 1117 185 de la republique fracnpairte le divu

957 3149 1102 199 Septemtre mil Sept cent quatie hiegt. hoitt
