2479 2508
631 1 10 46 1

659 1 136 31 44

858 1 14 19 1

1025 1 1010 44 Louis ple dt fanu iet ust

2060 1 328 32 daa feir

466 44 1932 102 sept cent quatre Vingt teize le Sex avril avant nudy l'an

470 130 1919 113 deux de La Republique francaise et à declaré ne Savoir icrire

475 225 1886 102 ni Sigue de le Enquis apres tre lure faitte ainsi qu'il est dit

475 320 1891 93 en La premiere minute Con trotéé au dort Louis Jsle de France

477 406 1882 112 le 1 avril 1793. l'an deux de La Republique francaise par fancon

479 511 1871 100 qui a marque Reeu deut Livres et demeure a auffrag lun ses

475 594 773 131 D. notaire Signe aaffray

652 684 1702 126 Par devant les notaires Sublie a L'Jsle de France susi

472 795 1892 105 fut pasent faliais narisse ce toyen de Couteur demeurant éun

477 883 1836 96 Son habifation fanton de ain llemousse Paroisse S^ François

472 964 1869 104 lateur en la nomme anne marie fresle, petite fitte et a franchie

480 1064 226 102 par Le

760 1043 1593 99 fetoyen de fouteur augustin Beran quené, Suivant act

484 1124 1844 103 vasé devant auffray lun des Rotaires Soussigné qui en a Re teme

489 1208 1831 97 munute et Son Confare le Six avil dernar controté le huit

498 1291 1812 99 teD. narcesse etu a la D. fharge de lavis des amur et

504 1368 1830 104 Biantrittant à de fant de parent de La S. anne marie lagne

501 1474 578 85 Charge Ja acceptre

1123 1456 1198 103 Suivant prices Verbal du fitoyen Jug

508 1539 1823 99 de Paix du d fanton da dix du J. mois Jasil dou

505 1621 1823 95 Es hait Représenté est demeure Jant à La Presmiere muent

505 1704 1809 97 des yiesutos, et a été Signé et paraphé des de notaire

516 1790 1794 107 de Varatur, toit du D naresse qui a declare ne Savoir

507 1890 982 110 Coire ne Signer de ce enques

514 2062 1836 136 de ffranc hessement et de La donnation y Contenie en favenr

706 1999 1629 113 Lequel après avoir Pris Communniatipee du Sus d act

530 2138 39 69 3

649 2151 1630 134 la Se onne marie, a declare lacceptes par ensent et

2374 2131 7 60 1

512 2201 331 109 Simpsemen

882 2244 1070 112 our et au non de Sa pugelle

1953 2276 335 96 vour que
