2800 2479
728 96 1934 96 Larde Vant. le no faiie puslir du canton eler

721 206 1982 85 peample montes Jsle de franie et les temaimscy aprèr

716 307 2016 84 nanemes et. Sonsignersat pesent cout oune tre

707 413 1942 80 hadisant audit canten der ranplemon lui.

705 513 1957 86 de enemant en la maitton per la plainie quis

692 608 1968 91 Moisine leglite an ledit no leni et. temenne ses

685 709 1941 104 Sont exper Franportes a lla requi lihion lequel

674 812 1986 107 eant dans Saditte maison coiché sun seut

661 925 1995 110 malade de cosm mais ne anmonn siin de Jout

665 1030 1960 102 memoire et en tendement annli quil et expenu

647 1129 1979 109 aus. dits na saise et. temoins Meliqnér van Ser

647 1225 1975 130 marole et acsiorne claur la lui de la moit etrige

630 1318 2001 133 don che jpe leun a Vant. da loin neir esdie a se affrine

628 1403 1981 162 afait. du Sé e canire le present son lestament et

619 1513 2011 150 nacnne ordannonce de de miese Volonté quil Muit

615 1632 1978 141 et en tend. che veumtte aper Sa mort. de la naauiine

589 1738 1996 139 acie di Seuit pumierement eonme chre tienca tholigne

583 1849 2002 154 et. a pur Hosligne il recomerande. Sonann a dien l

577 1932 2019 175 Suppliant de lui faire unisiende ei de lui pordonm

571 2101 486 103 Sen farites

553 2101 2034 198 decnvirnienent Jent. M ented ledit. testateun que ses detten

548 2188 2027 204 Soyent. pryées e. toutr reparier Siiancemes et feoute sant.

1 1912 162 146 al
