3513 2196
2885 4 47 31 6

524 62 208 106 L8or

793 29 2693 119 ler dee momen de emon decés de tous les drotes de propriele que pavais

511 135 2030 179 et pouvais avoir dur les personnes cy de suis denorés.

699 226 2795 146 li déclare moi jean Bapteste die Grandjean ne rien depoir à peroonne et

530 336 2970 182 uil ne mest dû autte chose quune sontme de decze ceuts leveis tournois par le

497 444 2987 218 nommé Laverdure mon beanfrere qué men a conseutées recoinoipance ces deuux

485 563 3012 248 Billet dont lien de Six cents levres est actuettement en lu possislon des citoqes

485 671 3004 287 quillenun Luissiir pour cn poursuivre le recouvrement, le decond de les Soiine

1635 849 352 153 n Ssehron.

489 1004 172 94 de c

665 923 949 154 Melle livres étanm en ema

646 893 2803 300 le Declare moi jan Bapteste du grand jean cnstiteur pour léxcmteur di

460 1005 3022 329 nus présentes Dispositions la personne du cctoyter de couteur jan Dapleste Male

450 1119 3036 355 habitont Demeurant au lies du pei bois auquel je fair lécistante priere de faire

435 1299 3071 302 acceptation pour me donnée lu derniere preuvr de don estunr et de don allacleten

431 1457 3060 253 me desaisissant en ser mants ets an cas de morts de tous ans biens conformiement

423 1600 2618 260 aux contieimer et réglements pour en faire lemploi cn devain endigpé.

564 1739 2896 191 a moi feus fais ets Decté par le dits jan Baptisle dies grant jar d'au notaire

401 1880 3071 183 donssigué en preseme der cctogens jean Baptiste leccot Roumant en jeau Baplexe

518 2013 2946 178 illemn habetants Demeurents Se parements Siesdits quarlier en paroisse nolre
