2533 2479
779 1 1533 81 audit notaire et aux ditsstemoins Soustignts pre ses parse

772 17 1734 149 dans la vue de la mort fraignant den étss prévinuu rvant d'avoir

760 81 1766 168 Mis ordru à ses affaire à fait dicté et nommé le présent fontistament

757 145 1760 178 Lordonnance de demure volonté qu'il vent et enterd ctre Executée

752 229 1768 184 apres sa mort de la manne et ainsi qu'il siuit ; premierenent Comme

765 297 1745 201 (hrestier Catholigne et portolique et Romain il Recoumande son

753 370 1751 209 ane a bieu Suppleant sa desind Majeste de lui fart mésericorde

749 442 1739 234 et de lui pardonner ses fantes. fecondement Jl déclaie étre ne

749 523 1739 255 à vulmont paijs de Aaux douse de Roven fils Laducy Le cadies

739 637 1343 226 et de marie Catherine pard ses pere et meri.

870 714 1584 245 Jeul et entendle dit testateur que ses dettes s'y dette ya

757 983 136 93 après

965 786 1488 226 a mort Soyent payéer et torts Reparés Sianeues Se trouvent

736 1064 130 73 avai

965 855 1488 235 utes autres dispositions des Biens qu'il prourra déluisser par

869 1074 220 118 execmte

1114 936 1339 208 Sestamentaire cij après nommé auquel il lex lapporte

1168 1038 878 172 Sa Séputtiere et frais Suncraire.

752 1195 214 92 Entierem

1005 1173 109 102 1 9

853 1116 1572 254 Deut et entexe le dit Testateumrd que les nommés Pierre hubert

796 1227 1578 239 nole, marie adelaide, toustaint noil, et Francoise Charlotte

730 1309 1579 243 Pous quatre Cacules et freres et faurs, azor son noir de

741 1554 82 80 Cen

831 1384 1549 232 sian ce, neptune et gulie tous tois de faste malguche et

730 1465 1669 252 tous tes ept, ses Esclave dit domestigne desquele il est

727 1705 109 96 trés

994 1678 129 93 fait

1162 1538 1258 182 cour les bous et sidelle sesmies qu'il lui out

2077 1698 257 96 rcant son

735 1782 121 102 Ré

911 1623 1485 214 es et ql ils lui Rendent tous les goure soient de clares

721 1868 80 82 et

855 1724 1146 202 beconme Libres aussitôt aprés ser mort,

2184 1879 183 76 eo fieir

829 1786 1529 233 enteur testamentaire cy après nommé de fuiie touteq

713 1892 1416 234 Les demurches eecestairenardevere qui de duit

721 1965 1638 230 Confermer lesdittes Libertés, et pour que lesdite Pierre

718 2039 1637 249 Aubert, noil francoise chartote, ajor, oreptune, et qulie

701 2120 1669 246 ne faient par à charge à la coloie le dit testatend Leur

707 2233 1623 219 donne et Ligne Lunivessalité de ses meuble et efet

1247 2344 1025 133 dfaite et la somme en prevenante
