3292 2479
2670 231 588 122 Jole da par

798 285 1703 172 Cardivant Les notaires du Roy a

2468 352 793 112 solt Lere paron

676 407 1773 170 J Sousignes Risident en la Velle du

2488 454 770 121 Sisoyen de Couhu

856 572 473 109 Bois fat

1413 505 943 128 present martin Beram

1608 593 1265 149 Libre en Verta de Lacte de

2972 589 278 106 Franbir

787 702 790 81 ouginaire de Quenie

783 702 2469 194 Eranti en Sa fateur par devant auffray lun des nofaire

785 819 2465 169 Soussignés qui en à minute et Son Confrere le quatre sanvier

774 929 2436 147 de Lamice derniure Controfé le onze, de meurant le dit

769 1024 2487 143 Beram à La Baye aux tortus fanton de Camptemoi

769 1148 2483 120 varoisse S. Francois etant ce Jour en cette Velle paroisses

761 1253 307 87 Loier.

924 1385 2312 138 Lequel, a dit, que Sa lisfait des Services que lui

760 1470 2481 131 endu la nomme, anne maris, ne grese freste sa pil

727 1547 1713 113 fitte et Son esclavn et de Lastacsement

727 1637 2508 134 temoique à tous ses parente Il na Jamair en se plus

2484 1609 754 96 quelle a sonstave

739 1728 2508 146 Prolute desers, que ce lui de la Ritere de Le tat desclavage a

727 1813 2526 159 cet affet et pour Se son former aux dispositions de Larreti

719 1907 2486 157 Lasseniblé Coloniale du tingt cinq Janvier mil Sept cent que

717 2007 1205 109 Vingt onze, Sanctionne le Vingt

1960 2035 1279 125 reuf du meme mois Jl a fon

709 2119 2529 121 Sa vemande, en Consequence devant le Corps a diniiistra tof de ce

714 2206 2528 147 colonie, que par Suitte de cette demande les publicatiou

706 2291 1513 108 affeches peserites par le dit aiite

699 2388 1387 85 ait été formé la moindre ypposit

2263 2338 965 114 ont été faites Sans q

3271 39 8 21 1
