2817 2479
429 24 127 48 endr

1097 177 1162 183 l téour. des bieins qul passor

2600 340 61 74 2

268 447 21 39 4

376 334 621 148 Tonton antier. dit

388 278 2116 279 qelaisin poer Son Evinihiie Jet su Meulatu

1776 380 783 139 exposte en fierement

2648 440 29 76 9

395 465 1307 209 apes namine ace quelil e cur

406 512 2121 256 pour Sa Sepceltire et. frais faieraçer.

370 603 2183 279 Doune e. legere a la nosonie Suyeloie de caste

411 723 2122 261 malgache a laynelle il a donsil ca lidorte

416 837 2106 249 de pous quelgon teuire f. dons les pucir qui.

424 918 2138 245 cons latent. laditte leberte e hutrant. da

431 1008 2143 264 ses antier papree la Souseme de trcir nielle ctui

429 1121 2111 269 morenarye a yant evane lair ceste colonie

457 1245 1971 247 Somme a elle prasiiiste eacoladte.

454 1388 2087 224 daffracnc li sement. et grue lle Euiapa

457 1594 965 111 ancore été parzer.

443 1660 2112 186 Doune eS. legue an nonmine Jean mainu

450 1768 2095 197 fils ele la de de Saphie e affrcebiiseum

464 1893 2074 178 tecnrque Sa mmeri pear le voneme aefe dle liber

472 2014 2021 159 iune Sormone de dice oielle le Vur onen

490 2159 1771 125 mannoise une fair ayen. e ci p

482 2277 1998 123 ne Sait pas a charge a la colavig lay

2140 2381 343 96 Sve
