3508 2221
23 830 22 65 4

296 860 113 81 P.ᵃ

507 710 2818 175 larde tant les notaiies du roi a lisle de france Sousigne fut pellent

515 809 2774 180 pesie ganirer de Bunatteur de mirant en ctte Ville duport cont

514 938 1952 121 rme dr chene de la libeste paroisse Atonis

504 980 2813 189 lequel a par as peventer donne ce de et de laisse par dons lebi en

512 1082 2823 167 Vif puree Siomple ene Vocable et en la meuilleme fonmes que donnte

499 1173 2799 165 puitse Atoir lien a Fracncois et lictoire malgache ser affranchi

484 1270 2705 151 demeurair an lien dit la baye aur tortues parsite Sant lout

460 1357 2856 160 haiois des panplemonsns de ceste Jle veuir ce ron en la diite lin

3243 1430 60 91 ii

475 1453 2736 159 du port lonis a leffet de cequi ssit et ien preslent et accepitoin

472 1528 2839 173 Sept letes de claes qui sont Jean age elen vicon dir tuit an e

452 1606 2891 191 piene age decstiroin; dit Sept ains tos deur a mozembigne fucagee.

3248 1683 103 50 4

450 1699 2748 161 des sicon Seizy on ansse moyanmbigne Jjeon moise age de dir ans et

455 1774 2875 175 agee de trois aiss entiore creoles enfon de flore nonne se malpacte age. e

1526 1 1382 44 eelomar dle levle ene panie

1521 35 1758 105 une ex pedition a moi pevente et a

1515 123 1804 100 lenstant rendire aprer macution feite Su

1509 220 1444 89 Jeelii du prelent enregistrement.

1502 308 1790 80 an port coii ee de fracnce lan denvune

1500 378 1822 92 dle la republigne francoise le dix Sept au

1502 465 1603 96 mil sept cent quatre Vingt truize
