2900 2479
958 1 1622 70 recompeile de lene bons et fiilele serteer p

942 61 1762 73 rouir in de visement et le survitant deur et

2843 90 23 44 1

943 123 1885 82 aiants cante ; jouir en tatalite de la dete moitie

932 202 1900 76 du tereie ei de si de signe commé des chose leni

935 269 1949 80 appartenante andit litre de Jouissance a perpetelite

928 341 1963 77 confonme ment au titre de conce on aux charge elon

934 407 1954 92 et condition qui y sont Bipalées et les dits e se la ves

927 486 1961 88 de sus de nomme quils reconnaissent Noulesete

923 574 1964 66 polestion commé de chode lenor apportenan fe en tout

912 639 1972 79 propesiete a leffitt dle quoi il sett de Baile de Rus les de

914 714 1849 82 Soit de poyisieté Soit de Joisisanie a perpetur

916 775 1603 77 dits noir et moitie in di Viles deu dit tencin de

913 845 1588 76 cesiin et transpoitt aut e onstaires de la mari

913 907 602 72 el ditt et de sn.

910 984 1627 77 posur faire ininneer les pesente portont on

1937 939 108 42 d

2489 891 174 52 m

2519 933 270 73 de tune

906 1050 1624 88 ce donateur donne pon toiis au porteur den re

2528 1009 274 69 ase d

900 1136 1133 73 nomesant obligeant renonponst.

2555 1079 318 80 dee cope

2545 1152 330 73 d aen de7

895 1213 1703 82 fait et palles aun port lonis Jlle de france en le la

894 1282 1981 88 jour du mois dasril lan mil Sept cant quatre Joupé

2821 1221 47 72 9

902 1356 1817 83 den vieme de la republigne francaise atant midet

2603 1340 228 55 Md

899 1422 1985 88 sente ment Ssigne a lec les notaires denr minute se larer en le

878 1497 1750 90 fancoir et Victiire ciant declese ne caVoir cnne

889 1571 1753 102 de cefaiie Intespelles Suitant cordonnance tene de

2640 1525 244 102 Casment

880 1644 1995 99 minute pour etri en toire au bnean des Mhort l pi

881 1710 1764 106 colonier a Vestailles et lantre cestie sen dunon

877 1787 1820 98 notaires Soussigner en morge de lagnelle Menir

2690 1764 190 85 JBre

877 1862 1998 110 au port lonis Jsles de France le quinze aoil mil ele prop

881 1934 1853 111 quatie Vingt treze can een bierme des la reputleqnite

874 2014 1830 112 recn Vingt une citer dix Sols Signe fancon. ai

2705 1994 164 91 Phair

221 2093 1383 89 sealle les dits Jour et dnance et diunnains .

195 2173 156 73 aet 1

2729 2100 125 87 dite

1580 2173 1275 117 Enregistre poir moi commis guvien scit

1578 2260 1065 103 Veitrenel de premiere ensance de

1570 2315 1065 124 de lible de fravce Sousoigne Sun

1570 2381 584 93 a moi presesté et

2196 2430 15 47 1

2725 2361 125 98 restale
