3142 2479
663 388 2348 157 Comme Etant sa dernure rolonté qu'il vent et entend

630 528 2393 142 être Executé par son Execeutenr testamentaire Confonnement

632 676 1318 136 a Ses intention cy desus.

911 816 2115 112 ce fut ainsi fait et dicté et Nomme par le dit Aestateur

3046 844 91 80 tan

680 933 2338 152 au Citosyen gean Baptiste Bombard notaite fublic du canton

3057 1003 53 65 et

673 1061 2358 137 ss paucplemoutsesy demeurant en presence des Citoyen denant

666 1159 2412 178 Bausé Boulanger a Lassenal de la Baye, aux tortue y demeurant

657 1254 2423 193 et cean pierre Jacor habitant audit Lien de la Bayt aux tortues

666 1374 2414 220 Temoins pour Ce Regue et exprs appellésen présence desquels

3092 1552 16 55 9

674 1608 217 128 Le d.

979 1497 2051 180 destayent ayant été par le dit notuire Lu et Relû uu not

676 1598 2392 241 en mot aprés Lautre audit Restatend, et ensuite lelu par le dit

3088 1755 49 68 Tei

676 1749 2404 214 Testateur lui memi il a Declare y pertister che ses derniere

708 1906 1449 198 polontés et navoir tien a y changer.

975 2100 2096 154 Pait et lasle en Beevet a la Requisition du d testatend a cote

683 2239 2406 124 de slou Lit et en la maison Cusditte le dimanche vingt Cing

741 2426 17 47 9

873 2344 2207 123 t mil fept Cente quatre vingt Lieize depuis midy Jusqua deux

2615 212 178 95 174.
