2479 2492
650 5 1820 122 de Son Lit et en la maison fusditte le dimanche vingt Cing

648 178 1826 116 heures de Relevée Lau deux de la Républigne frlncaise, et à le.

632 274 1798 103 dit testateur declare ne pouvoir signée pour Cande d'hy dropisie

641 371 1831 90 ayant le Bras duit entirement moit dindi qu'il est apparie au dit

637 449 1836 115 Notaire et aus temoin Lesquels ont signé avec le dit notaire sizn

609 544 1863 119 a la Minutte Bange q P Jacob. Bombard. Signe Fombard

610 654 966 122 et en marge fielle le gour d au f.

1372 805 1100 137 En registré par moi Commes greffier quré

1383 913 1041 128 du Libunat de gremiere pnstalet

1365 1002 1072 126 de la Colonie de Lisle de France

1368 1107 1099 130 jur une Expedition à mor Représentée

1333 1194 1097 133 et a Linstant Rendue. au Port

1314 1302 1043 137 LoisiJle de faance le vilyy

1358 1406 1066 144 Septembre mil sept Cent quatre

1341 1503 1113 134 vingt hreize Lan deuxemé de la

1344 1599 802 174 Republique Francaise

1882 1756 228 108 Marie
