2592 2479
330 1 470 47 Sanie diu gral

337 9 2220 127 présents les dits temoins donné letture un mor après Lautre au dis testateur de

337 92 2226 135 Ses proentes Dispositions quel a dit bien entendre ces comprendre ce contenir en tous

345 180 2178 147 pouits ser Dispositions de dermori ea libre polonté, dans les quelles il a declaré

342 275 2194 143 persister, aucccillant. toutes dispositions auterieure auxpresentes qui sucles au

336 367 2220 148 car de Sa mort doivent etre executes portuellemen, requerant aete qui lui a

325 502 323 90 été oitroy.

402 510 2163 145 fait en passé en un dent Brives sur la requisition deu dit teolateeur Sur les lieux

325 604 2235 135 cy devant designés, lan den preume de la republigne farmaise le ving deux mai

314 692 2255 138 mil Septr cents quatre vingistrige de relover en onts les dits leurt en quelleus Seques

309 772 2254 134 avec nour notaire desdit, non le du jean Bapteste dis grand jean qui a declaré de Savoir

305 851 2255 132 enere i Signer de ce cuquis d'uivainte Lordonnancr aprés Lecturd à lei faite de norpair

311 922 2209 150 des présentes Dis posetions dan lesquelles il a déclaré persister, ainsi Siont Suos

325 1003 2240 170 Lorequcal quelleuun, lend Romant en pB lonssatt; en Marge esto ceaits controllé a

323 1075 2168 185 ports Louis ele de France le vinge cnquiai mil Septocent quatre ingesteir lois

320 1149 1927 195 deuxieme de la republique francaise Reuu quarant Sols Signé Server.

400 1235 2145 187 Collateonné par enoi Seentaire greffier du tribunal de paix du qparlier du ports

315 1316 2172 182 e le ile de France, Soussigné conforme au breyes oreqtal annepe au proces yeabat

305 1374 2244 216 d'émppositioir de dielles fat après duis du citoyenn dencouteur jean bapteste grandpean le

298 1463 2229 217 seeze du courant en delevré au ritoyen jan Bapteve Malé ce requerant en du qualel

290 1552 2216 205 dépecmteur testamentaire lan Denpetin de lu Eepattique frainigise ledix Sept

1764 1681 231 81 epaciet

297 1692 1359 165 juellets mil Septe cent quatre vinges briezd, Signt fe

1393 1750 1145 124 Enregistre par mir commis greffeur dure du tietu

1392 1813 1133 123 de prenminre justance de la colonie de divte des

1400 1885 1112 131 Son signe Senr Cosigientamoinngresn

1395 1952 1135 128 et a rinstant nne dun après mention luise

2397 2016 110 62 ᵃT.

1392 2036 850 115 seminlis dogne lent anregis

1399 2089 1111 137 a ceport coninisle de fonce la de^e de la

1402 2156 1077 137 repre Rigne françeise le divutuy suilat

1399 2254 628 101 Sept aut qatie Vingt trezes
