2479 2792
566 44 1903 106 cent quatre ingt heije a Vaut mili et ont les dit

567 139 1888 123 eitoizen leroi et temoins dte nommés Signér eee les

553 234 1890 124 temoiins de nommé non la ditte lon ise heusiete qui

555 358 1891 113 a declare ne Sen voin eriri ni Signen éte ce cnquile

550 457 1882 118 sui vant cordonnonce ; le tous apér lecture faite denste

552 575 1857 102 minutes ces peventer anpreds de Enne  dle squelles e.

550 674 1848 96 enit contollé auport loisisle de France lenenf.

550 775 1828 96 a Viil mil sept cent quatre Vingt luize an denvieme de

546 863 1835 114 la republigne Frangaide recuu deur litur Signé fances

542 969 1839 112 lantre pour etre remide au buseau des chortue des

536 1081 1818 107 colonie, le tout demeuré an pon voirs an istoinen.

525 1163 1817 132 frangais leroy ce regnerant en lui donnant; atie de

528 1284 1792 108 lemegistiement requis an quffe du hibnual de

521 1368 1796 128 première In stance ce goure dis huit quisn mil Septcant

521 1467 1655 127 quatre Vingt heize ainsi Signé J. B. Louissaist.

1113 1589 1193 95 Enegistré pau moi eommmir Juré det

1102 1681 1197 90 quffe du Mibmal elpremein.

1090 1765 1210 100 qu tanie de la colonie dle liile de France

1093 1872 1188 85 Son soigné sur le regittie de moméa

1084 1969 946 78 qufse Sestont a cet effet. st..

2115 1977 117 76 2

1081 2047 1199 88 auport couis Jlle de france lon denviinne

1085 2128 1184 97 de la republiqne frangoise le Vingt Set

1068 2208 1195 104 juise mil sex trant quatre Vingt.

1071 2312 201 95 tuiyey
