3017 2479
22 633 16 37 —

675 205 706 91 Den Vicon Vingt ain

723 236 1960 150 2° la moitie en di vide qui lui appartient dons la louistace

727 314 1908 133 a perpeteite dune portios de téneiin Situe an dit lies de la

726 396 1861 123 baye aur toituis de contre moitie de laquelle frsncois Mts

723 458 1924 136 popietoire Sui Vant titre de concession qui lenr en a el

731 541 1896 95 de litre meme dune etecidut ples conliderable par ces.

730 608 1851 102 a beninis trateurs den roi en cette Jlle con mage et dugry

731 681 1901 97 le donze may mile sept cens quatre viingt dive. et deq

2671 677 253 68 : At 1799

730 739 1902 106 au greffe du tribunal tenier Sois le N mil quatre cents

2676 765 338 65 ce nentil entre

713 816 1868 91 ¬quatre Vingt huit la dite portion bomce te le Sude M.

2643 815 365 76 Preur Jsant et

724 886 1843 87 par la partie de cette concession quils ont endere a sapte

2727 875 276 279 7

728 957 1821 78 benm emploie chez lonis le chelie sur entleron cinpre Juiand

726 1027 1733 77 percher lee le Sudi onest pair merde aspenteur la

730 1088 1707 81 Soiv anteperches len le noit et par la concete M

737 1152 1687 87 a pelagie merle epouse de le bine et a leus cn

735 1220 1747 85 Surcinquante Sir perches quatre pès finalee peur

741 1282 1606 69 le nordonett par ces reterte Sur soivante te

748 1340 1585 77 leditt tenens tel au Sucpler quil ses comporste

2377 1308 134 54 di 4

745 1399 1570 84 nier evcapteu declarant le donsteur na toins da

2351 1371 87 68 d

750 1457 1647 95 rien a pre tendre aur latinen et plontation qui

2333 1440 99 57 de7

749 1519 1597 88 cette donation et faite aux dits françois et

756 1579 1681 105 recompense de leune bons et siilele Sertins pour pe y

2362 1546 109 69 24

742 1644 1751 102 touir in de tisement et ce surtitant deur ele tsent

745 1699 1741 98 aiants cante jouir en tatalite de la dete moitie

741 1766 1760 90 dt tereins et de stern de signe comme des choe lent.

746 1828 1754 93 appartenante andit litre de jouissance a perpetruite.

746 1890 1773 93 conformement au Vitre de conce shion aur charge etent

749 1943 1711 106 et conditions qui y sont Aipalées et des dits ee laze

750 2012 1769 102 de sus de nomme quils reconnaissent Socie le i moie

748 2078 1767 98 passe sion comme de chode lenor apportenoistrance den

754 2129 1754 122 propriete a leffett e quoi il sest de Boile de le duport le

749 2198 1765 117 soit de poprieté soit de Juissance a perpetrelt paroise

753 2247 1762 127 ditse nois et moitie in di zeles den det tenein de Ragnt trete

754 2302 1378 123 cesion et transportt aur e onstaires de la mars

757 2366 498 56 ett dist ei de sun.

767 2432 304 45 vonr faire

1140 2439 65 38 if

2146 2375 366 65 nous dons

187 888 384 82 ract quatre.

68 2316 27 40 4
