2867 2479
50 380 68 55 3

93 716 51 88 41

73 1068 62 98 140

715 1 518 62 Jaarerqu

709 1 1795 167 iene Sosmone de ilrcn mielle, levun me

717 118 1729 158 maunoize une fair pasyeu. et ce qu

716 228 1876 161 ne Sait pas a charge a la colavige lage

724 327 1812 188 Somme ni lui seraremile, por fose

719 471 1846 172 Vest tamentaii nomrescon aprép. qele

727 594 1871 179 le Gugera la pable de pon Voiur jan terner

716 732 1880 181 popre affaire et ousgna ceteepr que

730 855 1916 172 son dit eveciteur tes Vameitaire; de lui

734 964 1913 184 a ler les interite ele laditte Soume nnoe

741 1065 1875 203 madeque quile laitle a la ditp letin

746 1287 701 112 Sa caidrimme.

713 1338 1921 187 Donne A legne a la nommée Cinise lec

759 1469 1815 174 talinga san Ede la le uni Somme de qui

756 1564 1861 205 Citre laquelle Somme I pie Son det enu

757 1687 1834 213 tes ta miutaire dle Loccloie bien con les ler en

759 1802 1817 212 laditte qulie a laquelle il sera oltenie sSal

760 1922 1798 201 a cusi tet. quel. la Jngeraen Etat. dese gon

763 2043 1782 204 cependon F. Somintention M. quils nej

779 2152 1789 189 remler leproque. de pler de trsi, a aer apriu le
