3508 2479
1305 181 1749 214 Leur être Partagéé fur Egate pation.

1334 375 2140 196 Doune et Legue a lierre poubert denomme cy destu

1280 488 2192 193 Et indépendamment de la part dans les meubles et effet.

1531 597 1939 183 vume de mille Livre dune sois payer a prendie se

1297 727 190 73 uie

1333 718 2137 207 Largent Comptant qui le trouvera apres sa mort, et e

1307 844 2161 193 da patisfactio particaliere quel a des Jervicis qu'il leu

1351 961 1505 193 tendu et quil lui toind pournellement.

1426 1127 2031 175 Doame et Legue au Nomme azor aussi de nommé oa

1305 1228 2147 198 et independamment de fa puert la somme de milte liviiis

1312 1364 1350 167 a prendre sur Lurgent Comptant.

2510 1508 38 78 4

3308 1451 115 116 dest

1413 1488 1853 182 Donne et Legue au E fierre Louis deme

3272 1575 147 94 Cull

3393 1678 32 68 4

1362 1603 1865 199 Son Confere et aini ses Six couverte dargents

3342 1787 81 75 1041

1337 1692 1953 219 à Jouppe et sa labuctiere aussi dargent sa montre

1348 1824 1876 179 fecretaire et de plus tout Largent Comptant quil

1304 1910 2052 187 Lor de sou dlces; les deux mille Livres cy dessus Le

3323 1996 84 105 0

1369 2047 1878 152 preleves; Moy enment qu'il se Chargera Comme il

1338 2141 1905 175 aud testateur en particntier, du soin, de le ducation de

1369 2287 1907 147 douniluse et Lopment des Nommé fierre hu

3174 2407 132 70 1e 11I

2 1338 98 70 dor

1 1406 98 59 6e

0 1589 46 140 4
