3500 2479
754 245 2087 133 La Dite Jonation Sorte Son en et entur

2862 246 508 132 alet Jonts

822 353 2541 131 acte Requis et oetrayé fait et vasse Sousle Se lsu le dit au

892 497 2448 111 et Louis Jsle de France en le tude lan seuxa La reppub

830 629 2526 89 le dex neuf juia mul Sept cent quatre Vingt heize après en

809 721 64 87 8

932 739 2399 98 aprèr ecture foite e narasie à seclare ne Jea voir

818 838 2531 102 ecrire ne Sigue de ce enquis, fest ausy au Daeuumanleqot

814 933 1407 108 la pomert a ete Controte du tort

924 1056 2439 116 à las diut de la Republique francoise par Serven qui a mai

2252 929 1085 123 toums Lole et france Pelopr

808 1140 800 87 Mrcu quarant Sols

1399 1275 1450 122 Suit La tenenr de Lanneve

823 1415 2553 134 Par de liberation danue et lunveitants a Sefant de ar

808 1524 2543 123 danne marie mminigre pelite felle et Donataire sig Serait

803 1612 914 90 de Joutear Ju fantoit

1758 1632 1626 112 la d. Recu par nou ce fourd hu Jalu

804 1707 2598 134 uarcise fre de fouteur a ete Boisi et au Pour Vuffeur a

808 1813 2605 121 dhor a la Panne marie a liffit de Regir et Jonversir sa

816 1907 762 92 personnes et lans

800 2017 2581 152 tout on Secoi Sera la donationt à elle focte par le S. Bon

1601 1946 1805 119 et Jrciatement de Recevoir et accepter

807 2130 493 88 Dout acte

1004 2266 1524 91 Lonne par nous Jage le lai

803 2372 1983 98 Soussignés en notre dnaure au eConton

2702 2293 658 111 Sea SamLe
