3513 2329
72 1 1635 58 sabitant de cette eotonie, et pierre francoi Caperon

87 5 3257 125 outeur ecrivair, tont deux domililés de cette delle sregiitemt Port joir Jul fracat Conmeu le la

49 108 1661 93 parane S. Louis temoin Requis et agysellés, et en

24 173 1667 107 decquels le present testament à été lu et Relû

1698 60 1716 209 Re publeque de ganye Jaillet aomis Seporjant q uatre

29 226 2107 122 mat au dit testateur au Chevit de Son Lit, Lequel Jiugt duze

2367 213 339 172 s Quarles

63 320 1683 84 Dien tentendre et fontne sa Libre et derniere Volonté

32 389 1612 78 tend ehe Exeaite don tous Son sontenn Son deces

139 433 1563 129 et lasé a L Jsle de france au foit du Nordvest

84 508 1661 127 neure du dit testateur ai aul Sept cnt quatre Vingt

93 582 1643 119 me année de La Republigne francaise le quatre fuittit

100 658 1619 118 es du mates. Le testateur ayant declaré lue Savar

90 759 941 84 Signée de ci en ques souvant

1076 715 633 93 Lordonrance Le Dit

112 795 1599 139 Saté Signé de dits temoins et de emoydit

90 954 1608 147 toussé par le notaire Pablie a L' Jsle de France Soussigné

335 936 3095 225 u . testament demeuré en La Jossession det Jin con trat des conditions du manage ent

363 1093 1251 153 ax ce jourd hui Luitieme Juittet mil Segt

1676 1023 1747 204 le nomuné louis ercal litre de cete isle pl

410 1172 1269 127 cex PLan deuxiome de La Re publigué

441 1243 1229 120 tament son trotté le Sex du dit present

1656 1121 1806 232 ingeme du enomime Jerci Fangoie e let

489 1319 1171 121 it a Reeu quarante Sols  Signé

1639 1239 1796 225 nommée marie Frangoise ser pere et.

1651 1357 1843 218 mere litres habitant an quattrie des

3102 1465 332 105 fraegoe

406 1500 1221 167 nre aistré Par moy Commis Juré du

412 1521 2578 208 tittunel de premiere Jnstance se parnmplemonses parsiloee

407 1680 1212 124 LJle de france Aussigné Sur La

1666 1601 1837 224 sigelant pour lent en eon noini dune

395 1779 942 107 Meniulex De meure au greft

1339 1764 222 70 2. Vont

389 1810 1500 156 Souis Jele de France le dix Juittet mil par s.

388 1912 1237 110 seplseent quatre Vingt hut deuxieme

2274 1904 126 98 Tt

386 1992 812 96 aunées de La Republique

995 2057 195 145 paile

1622 1974 1836 172 a monsmée enanne tte ereole libre fille.
