2725 2479
709 1 1504 103 de lus dle nomme quils reconnaissent

2510 64 212 84 Lint

698 53 1736 145 passe sin comme de chode lenor apporteurs

2485 173 237 62 one las

701 147 1741 135 proprieté a leffitt dle quoi il selt de Baili de

698 229 1773 135 Soit de poysiete Soit de Jnissance a perprtee

2534 296 178 71 Var

699 315 1731 110 dits nois et moitie in ditiles deudit tonein de

698 382 2021 115 cession et transpoit aux donstaires de la manlant bre

2373 443 349 81 cons don

699 495 619 80 ett ditt et de sun.

694 524 2028 146 pour faire intinmer les pesentes portont on tenche

2423 604 297 92 ae S^t

694 650 1730 93 ce donateur donne pon toirs an porteur den re

2420 703 302 77 de copr

692 754 1177 75 pomesant obligeant renonsonst.

2432 790 290 66 aimte q

683 830 1781 94 fait et pasles au port lonis Jlle de France en le lu

690 919 1778 87 jour du moi da Mil lan mil Sept aum quatre

690 1001 1762 84 denvieme de la repusligne farcaite atant midi.

2503 950 151 100 ae

695 1071 1769 88 sente ment signe alec les notaires denr minute se la

2550 1103 166 80 ledit

676 1158 1795 82 Hancoi et lictire ciant declese ne latoir reii

2519 1194 203 89 ni Sig

687 1240 1784 95 de cefaire Intespelles Suitant cordonnance tene e

681 1318 1786 95 minnte pour etre en toise au buncan dles Mhor

2505 1287 211 68 aditur.

680 1389 1788 90 colanier a Vertailles et lantre cestie len dunoi

2499 1367 210 66 des.

679 1466 1775 93 notaires Sonssigner en marge de laquelle M eni

2490 1440 222 73 àlan de

680 1546 1773 90 au port lonis Jsles de France. le quinze ahil mil

2490 1510 217 79 control

676 1623 1784 97 quatre ingt trein can een vierme de la republign

2467 1587 233 86 Setat

679 1696 1760 101 recu Vingt une cite dix Sol Signe fancon. a

2464 1667 225 75 fougois

2438 1738 205 111 Jinti

26 1782 1384 125 selle les dits jours et. durance et demains.

5 1846 146 83 det 7

1392 1874 1094 98 Eiregistre parr mor commis grey

1384 1948 1279 94 itenel de première instance de lucl

1376 2014 1271 111 de ciole de fravce Sontoigne Sur lespedit

1373 2085 1259 129 a moi petente et a linoteur. rend aprs

45 771 47 41 32
