2642 2479
473 60 40 63 4

537 70 137 69 ea

578 129 1920 113 lui testateur M. qui sur laditte Somme de quiize

574 228 1920 86 ceuts cizer les Fair necestone pour Son.

2406 286 70 52 10

568 326 1937 103 affranchisrement. Soiont. pre le lin e lemeslar

568 462 634 76 lui e hé recuis.

550 593 1976 88 Donsne et leque ace citoyen fangoir defé.

556 694 2008 89 da Lalide de menrant a lec lui depui quelques le

564 797 2017 106 pour ces bour e er Viee quil lui arecudes et qui le

574 921 1985 88 reerd. Joumeullement nne Somme e donzcete

568 1027 1970 89 Cher mannasse dle cete colonie nne foir parger

573 1141 2004 97 Donne et leque a Su fauille, cagnelle residi

562 1260 2001 71 varie Si lant ler desoieenr na telles quil a nn

570 1362 2010 81 de france et que con honterre dain Ser paprere ae

568 1450 2024 89 Somme le quinze nulle Eitiur aprende. Se le meittend, et

560 1528 2025 109 leplus el aier desses bienr a prer. les di yositionvoy de se

567 1614 2000 126 et celles Sur Vantes péle leci; porer la ditte Sommes

566 1710 2033 153 che par tagene lalement erches Ses tesituir ee ee

567 1844 2036 136 tont cequi pauria reslen de la Sare sion air

566 1970 2022 110 ses qu ten fiaur et. cegurecepelin nie ancante

563 2078 2032 111 son eveenteurr Set tamentoire anti tet aprèr contrel

556 2187 2046 104 dle la dlise Succebtin defaire pour Jeuie a Ser dt

555 2309 2052 110 pareuts ce l. penriere SSouine dle yiinze mille

367 2382 28 59 1
