2412 3508
1011 7 328 102 en du po

1413 52 595 146 ale mon te ye

1719 1 203 69 Parus

1947 25 123 82 3

598 148 1486 265 es piene Nicolas Cancler nné de le

1302 155 821 174 eenr prèsie bommiante

596 282 1589 242 Sa ent françoir du de teantou toun deux

596 380 1681 249 de monrante tiumoini panvu requiret isin

579 496 1710 242 appelles en emteeme de synels ledit nechtn

575 608 474 109 aoyant ete

567 721 1753 216 ene lantie an dit leslituciila delalry.

1047 654 1218 176 van cedit Notain cu et relua

528 830 1786 204 versi ser etu ses demieres Volantes ele

538 939 865 144 riemaye hanger.

514 1034 1802 182 fait et paslé en bretet alarequi le tion endit

522 1147 1806 149 le dateue en la dite maisoin le Vendre cy her

508 1264 1816 125 acers aprer rmidy lan mil Sept ceent quate

503 1368 1788 111 Migt hein le de ceveine de la republigne

466 1473 1862 95 haucaile et a ledit lestatene et les trmoin

473 1572 1868 90 Signé a lec ledit nolain la mnutte estleent

473 1672 1861 93 ser manne Sur laguelle M. Eesit con hole acuport

460 1765 1897 105 coii gele ele france leqnatie Sip tembre, milq

448 1868 1907 96 cent quatie Mugt heize lan denvuine de la upale

432 1956 1929 109 fracegaise Signe Ses leu qui a marqué a Vour vu

409 2061 718 113 quarante. Sole.

395 2190 1560 101 fuit La teneure Lus Codicile.

403 2307 1667 103 a jonté au testament un dle sur.

376 2461 1991 134 Au jourdleuy Sanedy Sept Septembie mil septu

395 2574 1966 136 quatre vingt heiyau Mandement dn entogen pu

372 2658 1997 169 Janmar La de tant. an cantoin des pamplemont

370 2777 1985 152 demencant en Sa maisoon et luie pier laplain

335 2890 2014 138 ¬aoileine l'Egille. le No toire publie dsdit canton et

335 2987 2010 137 temoin Sousigné Se sont. trant portés enlache

333 3087 2018 142 dudit ei tegen Rsinor, onetant. il cont. Lion Ve an

327 3186 2008 146 malade de corpr mois Sain delprit. me modte et onteur
