3408 2483
182 736 317 79 Anat 17

578 754 67 90 80

812 762 2426 78 larde taut les na taisi du roi a lille le fariie Son reque

64 846 3243 75 don nental entie fement pe teuts e coni Jorant marchand en ce te Ville et d

5 898 39 49 20

155 917 3123 105 loni Joranit et Loise felicite griffron son epouse quil an toulte Seci len

212 984 530 98 i se lebsite

797 1005 2551 101 ca ceffet dees presenter demerant en decmulle en cette ville du

827 1073 1364 96 port con pes lepont de las butte

768 1154 2543 134 le squel consideront quils nont ancun en fant le cunie

786 1237 2522 131 mariage et Vonlont se donner nintualement des

785 1302 2504 156 penzes cle lestiime et de camitie qui les aniannut cune

779 1386 2502 170 lantres Se fonit pai cer prelente lelon tanement et

782 1462 2547 160 reciprognement don mn tuil an setre vent ev

776 1539 2550 157 accepte parr ladit eur le tant le tois les buns mensas et

775 1620 2579 173 conquets inmicubles genesalement que levegne qui appsteule

742 1698 2539 175 an penner mornssant dleur au zout de son deces cn quelques

953 1786 1475 121 eccile Serent et puissent er es teu

760 1842 2558 198 dit ee tout Mutrifenit sa Vie durent con connement

2478 1866 849 91 panc an Jossie parr ca

742 1931 2592 176 ala con tuine de persis nonobstant toutes antres contenmesou

735 2008 2550 181 dispodition contraine aus quale ils ant derege on renonce

3366 2025 35 52 2

731 2095 2596 168 porer cest epet pourlu toute fon quare Gene deu lece du

718 2167 2643 180 preeniin mornant il un ait ansure en fant Vevant ena

722 2248 1200 91 raitré dle cene manage.

722 2322 1905 144 dtjonn faire en lesiner ces pre son te pars tont

729 2414 734 67 een porties cnt acir

2635 2419 338 62 an Canle

2300 31 983 84 souillet cant trantt Ser.

1658 131 1605 129 mention faite Siui Geelen du present.

1647 242 618 111 enregistrement.

1641 311 1714 106 au port lonis Jsle de france lan elensrime

1643 400 1693 103 de la repersligne francarte le Vingt deur

1640 485 1729 99 aoil mil ilept cent quatre vingt huize

3254 535 97 80 1
