3508 2371
837 176 2619 331 cen lar efresit ionhiole au port conir isle de france e

2083 252 1363 189 pecut qutie hringt elonz;

771 511 193 109 Viiis

1186 486 54 101 7

1296 388 716 149 Luillet milee

1329 342 2106 303 te dols cace dlenviene de la iepubligne fan

789 591 515 126 recr quarai

783 733 191 95 Sigé

991 653 456 143 e Ser Vie

1651 530 1817 252 Encegie le parr moi conmuii qu ffrie uré de

1646 625 1836 252 hibrenal de pucnciere in tauce le cacolone

1661 725 1795 233 de liste le fracice Son ssigne see toigne

1662 820 1830 217 a moi repretente et aliittans condut.

1661 895 1837 237 anes mecision faite sen nelui dujruses

1670 1101 731 122 eunegis tremens.

1672 1099 1820 218 auport louis isle de france lan denvuine

1684 1173 1814 227 de la republique fscncaide ce mingt eet

1669 1279 1759 238 quilles mil Sepfreit quatie Veigt

1674 1525 229 79 huise

2597 1549 293 151 Maile

869 1994 2587 154 Pardevant leves Totaires Vublier ale Jsle de France Soupignes furent

824 2093 2677 139 preseuts Louis Joseph Chrisostome Récard Citoyen François demeurant au Bert

824 2186 2680 124 du nord vunt de Cette de Jsle, auparravant Goux de vuicente mvrie aime

828 2261 2670 108 Tortay de Rohain, et d'ette se parer gai l effet de la loi de Drivore
