2479 3333
337 75 1991 145 a teffet dequor il tegue la Somme Suffisant pour

331 170 2012 181 payer a pendie suc cargent competant quise la

327 266 2011 224 Et quant au Surpln du dit lestement vent et

335 377 1999 230 enteud quel Soit eviente et le prelent cadicile

337 507 1978 217 Se lon leur Conme et. teneuu nomnant

355 607 1981 235 d a bondint la perdonne en citoyen qoaephe

346 725 1984 226 marie le barbier pour levenition dudit

346 809 2027 266 Re sament. et du prelent codicile se dle laide vant

355 942 1992 233 en le Ser maisan teie de la contume.

350 1020 2015 281 Ce frit a insi fait dicté et Noninmé parr ledit

359 1129 2008 285 le sa seur an ce toyen gean lap hite boncboin

363 1248 2017 287 na Saine oublie du can ton des pane plemontes

372 1338 2006 309 de meumant en prelleuce des ci tosene elandunnt

1087 1451 1306 224 niene louis Gane liui Cour deur

364 1599 703 173 fra nc hetois eS

368 1579 2020 317 ha di teute Sur lalaine des pomp lemonsser

383 1681 2018 316 temainss our ce requir et exper appellis en prese

390 1775 2024 324 de synels le dit codcile ayant van ledit Notoi

394 1914 2014 296 efé lu et reln andit restatenr un mot apur

389 2022 2014 312 la nte il u de claré cy percit sin che Se deieen

394 2168 1912 279 Joloniter eF. Na Vous imay Mhanger.

403 2470 202 101 la ir

850 2255 1569 226 acte en bielet a la requisition audit

485 2375 1940 291 stateur a coté de lon cit. le de J qonr Somedy

422 2494 1999 268 ler tembre a Vant voedy lan mil Sept cent. qu

426 2808 153 82 Niu

742 2618 1696 215 huije le deuvaine d la republigne françait

420 2731 2014 263 ous lesdits temoins et ledit restateur Signé at

429 2862 2027 252 le Niotaire Seuu la Minitte rester ente les man

437 2981 2004 231 dudit Notoire en marge de laquelle Mosit.

437 3092 2016 224 con holé acyvor t Coims Jlle de France ce div. Sep tenbes

1083 3245 721 86 Viigt. Liiye lan l

2049 3247 381 84 resclelang
