2479 2708
564 1 194 35 Laa

564 1 1911 131 Vens E entend lad^e Lesttatiie que dant lecar; de son

562 75 1913 150 deces le nommie smecnure, noin de custe malgache

564 144 1911 170 macon. Soit et demeure affrant hie de tonte Sor lilis

559 237 1916 157 qua ce S eflet son evecniteur en aper mommi panze tout

555 321 1919 175 cequil sacedia les, la fe soutés les demaiche neu Mairi

562 488 381 92 a ce seffer.

549 497 1904 193 equant au Simples de ses vien la lu Labice ; les donne

552 589 1896 182 e ce pre ain S^e Jean ne limice, pocepteur le menrant

550 673 1897 187 en cese Ville pour par lui en qouir en soute popiite.

550 770 1903 180 4 pour evecm lia le pestent lestament la leslahie a.

555 857 1896 179 nammé le choissi la perstonne du d. S^t Lie Hinin en lea

547 959 1898 160 mains dugnel elle se lestaicif de touis Ses bienr.

543 1042 1902 172 Sui Vaut la contuine, refit cinti fais die te bnonen

543 1131 1883 180 par lad^e testahiie apiene yves dalu no line duroy

540 1218 1886 164 de meuraut en ce te ville me dle lhapital su d^. Fancoin

538 1295 1892 180 Selles Lor geois le cete Ville n demeurant me royale vans

531 1375 1892 194 jean laplisle amainii enfsi bourgoir ce ceste Ville en

532 1462 1879 188 de memant mi eles malabordet temoin pour cerequir

531 1548 1896 197 4 orpes a exelles en pesteurt dle sqnels ce pelent sestament

525 1624 1907 212 ayant ete eun relie nor mat aper lant e a la d^ee leslitn

514 1722 1900 196 delle a declare y voni sen et ostic ie demieur talont ee

531 1787 1896 213 re vognant tons lestomens an teienie, fait et parte en nizt

526 1897 1898 183 a la requisition de la d^e le satice a cal. le sou lit auport

519 1972 1916 213 lois ea de france le Viududie Sept sexteene mil sept ebut

520 2046 1904 215 quotie Vingt donze onp teus du ma leur et ces temaine onts

520 2133 1895 216 segue a llec le nn tane nvus la leslatine qui a declasi nn

517 2220 1907 199 sa Voir coise ni Segne de ce enquile ain lir igné emaseri persi

517 2417 372 69 et baler.

1345 2357 66 102 26

2414 2372 16 259 1
