3000 2479
630 1 1909 107 de lus de nomme quils reconias sent Nous

2663 44 218 84 Voute

626 77 1878 114 a Bession commé de chode tnorapporteuant

615 140 2270 134 propriete à leffet de quoi il Sest de Baidi de 7 le deoi

623 223 2228 132 Soit de poyiiettér Soit de Jouisanie a perpstete file

628 308 1756 103 dits noins et moitie en diviles dendt temiin de

2414 300 455 99 Manet Trete

626 382 1754 109 cession et transpoit aur donsstaire de la man

2395 389 474 82 nonr dns

625 483 665 84 e ditt et de Bur.

2439 448 408 90 refanche.

630 523 1808 131 pour faire in sinner les presente portont on

2435 538 420 94 se S^t pu

626 614 1809 120 ce donateur donne pon Voiir au porteeur den re

2458 625 409 81 de conpn

621 725 1270 95 pomettant obligeant renonsantt.

2449 695 414 87 d^t ain lequ

623 783 1929 127 sait et pavsie au port tonis Jle de france en le la

625 860 2241 127 jour du mois da vil lan mil Sept ant quatie eyenple

2527 903 241 62 I Vit

628 954 1854 114 Aemvieme de la republigne francaise atantmi de

619 1021 2251 117 seute ment signe alec les notoires denr minute se lonve en cet

622 1118 1938 104 fancoir et ictoire aiant declese ne daoiu rnine

2568 1107 272 111 Catomn

634 1209 1950 95 de cefaire Intespelles Suitant cordonnance leme de

2746 1231 117 82 204

628 1273 2064 102 miante pour etni en Voiee an buncan des chertt

633 1363 1948 99 colonie a vestailles et lantre cestie len dinnan

2640 1370 216 93 Lebre la

633 1432 2024 111 nataines Soussigner en marge de laquelle Menisi

632 1516 2220 109 an port loni yIes le france. le quinze ahis mil cel prapu

636 1597 2033 116 quatre ingt treig can et en vieme des la reputtigne lo

2663 1632 189 88 Ahon

637 1687 2020 110 rece vingt une cite dix Sol Signe fancon. a foi

2688 1724 157 99 de lai

111 1797 1339 107 les dits Jours it. durance et dunair .

1425 1852 1409 88 Enregistre pour mor commmie grevin seit

1426 1941 1166 75 Leitrenel de penere enstance de

1417 2013 1180 95 de lible de fravce Sonboigne Sun

2633 1980 37 58 8

1424 2096 1173 95 a mor pretente et a lino teur rome

2690 2017 146 113 Téstale
