2492 2479
597 1 331 60 Dore

588 1 1202 140 thaner. Sa. Seiie e. Su min

589 22 1827 202 an con dle etece len deur liun deceyen resleta des

582 157 1394 155 sucusion apes en legs qéle tel.

577 229 1870 185 Jonne e. Legne anr Resitiurs de sen Rentoiie

571 341 1832 193 ChamasSon fere lantae Tieirdines lant. de

568 506 948 113 Ditte Succision.

559 546 1886 181 Jeu t et en tend ledit. Tes tateurs qu'on li tot

562 658 1870 165 apres su mort Sela quee ac tuillee Me fisieone

552 760 1909 176 rya des Voyer esiures pour ainlor enfrance ques

544 860 1925 164 Son Evemhuir lestamentaire fa sse par leuise

548 954 1909 169 els tor le qu faireriox de lus une Seonme le quiinqu

538 1065 1926 149 mille le lur monvoye de la colonie a compli

540 1160 1927 164 dice qui leun reViendia parir la ditte Somme

520 1258 1944 172 lenu elie par lagér a cni siquile M. dit ci dessin

506 1357 1897 181 Rent et enteur ledit. Tes Juhan quil Sort.

509 1476 1943 151 recmis au eitonen dancher cnré de la paroiste

489 1578 1947 164 Sa nit Fracyair du Lu nolemonse et cassiene

495 1652 1918 174 eune Somme de deur mille livur poure li cnyolane

491 1742 1907 183 an Sonlogement. des parn tur anndi quil le Juye

490 1947 459 102 aprojeor.

473 1926 1947 218 Jecite sentenr ledit Jestateur quansli let hu

473 2046 1937 171 eeces Son ercontines lofementaine leiflesve de

461 2127 1913 197 var le ceni ele la paroitle cinquan te me ile lesu
