2708 2479
692 170 1996 145 Dardeyant coi jau Baptiste toufsreun notaire publie exereant

16 319 646 113 lestament de pair

701 293 1995 135 dans le repsort de la Municipalité du grand port paroisse notre dan

1 433 676 133 Baptesle Dt grand. pa

706 398 1990 168 de lele de France en les temoins cy apres nommés Sousigués, taur pot

6 556 568 161 etoyen de couleur

684 512 1979 161 dur Ehabitatioin eepee par le citoges jacques labonre marehiand

673 614 2017 171 demeurant au lien dit les mares du labai bies dits quarlier et parof

669 716 2014 199 dur la requiition du Citogn de couteur jan Bapteste du grand pan

673 904 455 106 creo de celte dle.

746 924 1905 197 fuis présent ce dernier trouvé Sur t Les eptant dans unde

673 1046 1961 194 chambre en pallioades dépendant du Logement prenpel du dete

665 1156 2003 192 atoyen Laboai, lequel san Déopruts, memoire, pecemet et entendemn

668 1272 1994 193 acni quin ont pu juger ler notarle ets temoins Soussignés d'uprès

670 1389 1336 170 questions à lei faites et Sec ceponoes à ecelles

746 1472 1909 162 lequel nons a dit que dans la qui de la mort et cracquant den

655 1572 2000 168 etre Smprès Sous avoir misordre à des affaires enfais connoitre ses

657 1671 1924 171 cateutions dernierer; lobjit de la requenteon a nous faite clere de

657 1782 1947 150 rrecepoir Son testanem en ordonnance de Deriière Volonté, qu'il e

651 1888 1630 169 llui même fait et decté ainsi ei de la maniere qu'il Suits

743 1980 1865 161 jveux etn enten quan cas de mon décis, toutes mes dittes Se

644 2076 1989 173 aucunes Sont Sorcs paryes en prélevres die le plus clair de aun

643 2182 1950 177 bien qui conoiste Manttenant en quatre esclaves nommés Dedre

636 2304 1978 157 aor mozambique, za nore noir idem, pierse noir idim, en lafleur

2486 2429 89 48 Ile
