3442 2479
904 159 1412 98 Et le lapart dle laditte con

2351 161 979 92 hariette en fate de

915 283 2444 121 dit es voyen Fracegoir ceroy dea evelezis ii de Vant

910 402 2424 140 decismeme, acnili que dla tou antes biens meublin.

921 530 2402 173 eet pavonecebles qui ie tonzet lui apportimisau

1070 650 2267 173 en de son decer en puor dsmistent con sisten seur

902 772 2421 197 anenne er aption a lenderlci etul a contiibue

902 908 2436 222 alii sourecies ler moyen de proanee ceque Aten

3054 1039 247 75 de

1010 1071 2014 201 peltie auon et ele travane elei cespo

2725 1148 455 123 ale qaair

895 1202 1786 206 Sucir pouie vacn le sur le toiles dit

3039 1286 111 80 tar

898 1327 1915 220 e couile neriese joncie farie et de

907 1443 2164 237 dit bieu ei de stu de diquis en toute,

3039 1574 77 71 d

891 1600 2099 230 a complon du jonr du deces du penoi

891 1718 2095 266 a la seile condition dleschargee, drocte

885 1871 2150 260 que portifione dont ces biens qui lesi jues

2936 1988 141 77 e le

965 2023 1923 227 annont atre tuine pour le teni e

2767 2164 250 104 vour

884 2207 1794 190 catte dona teou renproque ainili far

2853 2282 192 81 M Ca

1439 2330 1295 147 le duittee et parceque Velle
