2479 2975
477 82 1753 113 fitle et alu cscln et de Lattan deen quelle a const

499 21 1743 117 Mendu la nomur, anne marig, au qusc, pesle sa ve

691 1 124 45 27

888 1 1324 73 Coit, que la lofait ia lsirvier que lui

398 153 1851 96 Phomoigne à lis Ses qarente jil aa Jamais en de oyles

472 218 1760 105 Nnotate désire que ce lui de laliterir de le tat desc lavage

458 294 1822 105 et offit et pour ee son former aux Sispositione de darrete

446 378 1859 89 lariblé plncale du Vingt ciny Janvar mil Sept cent qrase

443 446 1854 97 Vingt onze, Sane tonné le Vingt neuf du meme mois Ja foin

423 518 1877 103 Sa demande, en consaquence devant le Corpe a dinestra tef de ce

425 591 1878 101 colonie, que var suitte de cette demonde les publilations

415 656 1892 120 affctes preserites par le dit airité ont été faites Sas qu

383 738 1928 111 ait été formé la moindre opposition aigs qu'il est Constat

388 816 1955 107 par le sertificat du Citoyen pocureur general Sendic, en det

375 899 1951 107 du quatre Jansier dernier Representé et Rendu et pour ac hives

363 975 1980 115 an ouvrage ausse cher a Son four, le dit Comparant dicles

347 1052 1993 146 affranchie comme de fait, Jl afranchit pas les presentes.

335 1140 2001 127 toufe Servilade et de tout Servüe a sost egard ; la d^e anne

335 1214 2005 146 marie Sa elite fille, pour par elle jair et user de la

322 1320 2018 122 meme Liberte, de memes drots Freroga lides muunnt

299 1389 2041 153 menet fmmunites et a van tages, dont Jouissent et Dont ont Su

297 1464 2061 170 Jouir les versonnes mir de Condi tion libre et tous ses fétoq

236 1576 2130 157 de La Republique francoise de La meme maniere, que ceux lis

281 1657 2097 177 Jouissent et en uent et a fin que La dite anne maru ne sus

213 1748 2170 179 poant à Charge à Se folonie, le Comparant lui donne par

236 1831 2152 195 dona tion pare et Sicmpte Jnerolable et en tresif a acept

233 2037 1210 88 pours la dite anne marie a

1392 1956 997 131 fause de Sa mirduité, par

213 2077 2183 162 notaires Soussignés autant qu'ils le peuvent, la Somme

213 2213 1609 122 de fux imila livres a prendre sun le

1855 2146 547 126 Jlus flair de

1943 2242 458 142 a jouix desla

203 2299 1708 142 Bienr Riens du Donateur aprs Son decis et

180 2371 2221 170 comme de fhose à lui apportenant en toute proprieté Juqna

138 2480 2246 177 dquel lape le Donateur ponat et sollige se pourtar a
