2592 2479
392 1 1554 78 nin a pre tendre aur batemen cet plan

377 45 2045 112 cette elonation e Coite aux dite francois et et

380 128 2042 107 recompende de leurs bons et Cislele Serties porur p

362 224 1968 81 rouir in di visement et ce survitant denr

362 300 2172 84 aiants cante  Jouir en tatalite de la dete moitie.

352 395 2149 71 du teneim et dle stu de signe comme dis cho se tene.

353 468 2186 84 appartenante andit titre de jouissance a perpetuite

353 563 2229 69 conformement an itre de conce shon aur charge ele

342 639 2172 90 et condition qui y sent Aipatees et des dits eelat

342 729 1838 82 de Jus de nommme quils reconnaisunt Soi

331 802 1894 97 vassession comme de chole tenorapportenan

2207 731 342 111 dey

325 874 1922 110 propriete a leffett dle quoi il sett de Baili de R

2206 844 374 102 sen tonte

323 968 1886 111 soit de poineté Soit de Jouissance a perpeses

2188 950 237 69 vi de

327 1037 1846 119 dits nois et moitie in ditiles den dit toncin do

2185 1024 135 75 29

320 1108 1814 134 cesion et transpoit aur eonstaire de la man

2165 1112 228 90 Pan

2283 1079 41 68 4

319 1181 656 84 ett ditt et dle Bun.

2133 1202 416 82 nou

318 1265 1871 146 pour faire in sinner les pesente portont on

2174 1275 87 74 34

312 1351 1884 159 ce donateur donne pon toir an porteur den re

2280 1276 283 97 tenche

2178 1373 394 96 aoi d

302 1444 1270 130 pomestant obligeant renonsanst.

2185 1470 379 87 edle cnpr

289 1525 1955 192 fait et palle au port tonis Jlle de france en le tu

293 1612 1968 196 Jour du moi da hil lon mil Sept ant quatre

2269 1567 300 76 actle

298 1698 1942 208 Aimvreme de la repusligne fancaite atant midi

302 1772 2270 229 sente ment Signe aleu les notaires deur minute se lapoecu

2282 1736 252 72 aadté

2266 1789 247 66 Ler

276 1857 2298 257 Havcoir et Victoire ciant declese ne laVoii cnine aran

291 1959 1149 153 de cefaine Intespelles Suitant

280 2042 379 80 mmiente

280 2120 1564 201 colanier a Vestailles et lantre cestie

663 2080 1661 219 pour etai entoire an burean des Mhort

1465 2065 863 153 condonnonce lenme dte

275 2202 1832 248 notaires Soussigner en morge de laquelle d

2473 2147 98 111 304

274 2283 124 59 arn

428 2299 722 129 oont louis gpes ele

1849 2275 727 132 dese dunan Libre

265 2372 281 78 quatre

555 2393 210 81 Vingt

1155 2389 398 88 hance. le

2134 2404 239 72 eni
