<?xml version="1.0" encoding="UTF-8"?>
<alto xmlns:xsi="http://www.w3.org/2001/XMLSchema-instance"
      xmlns="http://www.loc.gov/standards/alto/ns-v4#"
      xsi:schemaLocation="http://www.loc.gov/standards/alto/ns-v4# http://www.loc.gov/standards/alto/v4/alto-4-2.xsd">
  <Description>
    <MeasurementUnit>pixel</MeasurementUnit>
    <sourceImageInformation>
      <fileName>JK10_5.pdf_page_40.png</fileName>
      <fileIdentifier>pdf//JK10_5.pdf</fileIdentifier>
    </sourceImageInformation>
  </Description>
  <Tags>
    <OtherTag ID="BT8" LABEL="DamageZone" DESCRIPTION="block type DamageZone"/><OtherTag ID="BT9" LABEL="DigitizationArtefactZone" DESCRIPTION="block type DigitizationArtefactZone"/><OtherTag ID="BT12" LABEL="MainZone" DESCRIPTION="block type MainZone"/><OtherTag ID="BT13" LABEL="MarginTextZone" DESCRIPTION="block type MarginTextZone"/><OtherTag ID="BT15" LABEL="NumberingZone" DESCRIPTION="block type NumberingZone"/><OtherTag ID="BT17" LABEL="QuireMarksZone" DESCRIPTION="block type QuireMarksZone"/><OtherTag ID="BT22" LABEL="TitlePageZone" DESCRIPTION="block type TitlePageZone"/><OtherTag ID="BT439" LABEL="CustomZone:closer" DESCRIPTION="block type CustomZone:closer"/><OtherTag ID="BT440" LABEL="CustomZone:paraph" DESCRIPTION="block type CustomZone:paraph"/><OtherTag ID="BT441" LABEL="NumberingZone:document" DESCRIPTION="block type NumberingZone:document"/><OtherTag ID="BT442" LABEL="NumberingZone:folio" DESCRIPTION="block type NumberingZone:folio"/><OtherTag ID="BT443" LABEL="NumberingZone:page" DESCRIPTION="block type NumberingZone:page"/><OtherTag ID="BT444" LABEL="text" DESCRIPTION="block type text"/>
    <OtherTag ID="LT8" LABEL="DefaultLine" DESCRIPTION="line type DefaultLine"/><OtherTag ID="LT10" LABEL="HeadingLine" DESCRIPTION="line type HeadingLine"/><OtherTag ID="LT11" LABEL="InterlinearLine" DESCRIPTION="line type InterlinearLine"/><OtherTag ID="LT319" LABEL="default" DESCRIPTION="line type default"/>
  </Tags>
  <Layout>
    <Page WIDTH="3242"
          HEIGHT="2479"
          PHYSICAL_IMG_NR="39"
          ID="eSc_dummypage_">
      <PrintSpace HPOS="0"
                  VPOS="0"
                  WIDTH="3242"
                  HEIGHT="2479">
        <TextBlock HPOS="605"
                   VPOS="60"
                   WIDTH="2635"
                   HEIGHT="2417"
                   ID="eSc_textblock_7093b728"
                   TAGREFS="BT444">
          <Shape><Polygon POINTS="841 60 962 60 984 147 946 213 1024 236 1721 209 1937 247 2476 231 3049 258 3148 280 3164 378 3120 439 1684 433 1531 444 1508 483 1542 512 1744 528 2020 506 2735 501 3104 517 3142 539 3164 665 3240 688 3240 802 3225 804 3240 1083 2927 1111 2510 1094 2417 1105 2360 1144 2417 1195 2922 1195 2978 1217 3192 1195 3226 1250 3240 1217 3240 2328 3219 2341 3219 2477 826 2477 1052 2466 820 2455 798 2394 771 1647 743 1448 771 1377 846 1366 864 1338 842 1250 760 1238 721 1183 716 738 743 672 846 666 875 622 813 566 743 560 666 488 650 396 616 367 605 264 628 209 699 180 732 104 841 60"/></Shape>
          <TextLine ID="eSc_line_6ef17958"
                    TAGREFS="LT319"
                    BASELINE="699 353 1311 351 1408 359 1593 359 2036 349 2100 342 2275 345" 
                    HPOS="699"
                    VPOS="256"
                    WIDTH="1576"
                    HEIGHT="140">
            <Shape><Polygon POINTS="699 373 935 373 988 391 990 391 991 391 992 391 1031 373 1067 382 1068 382 1070 382 1071 382 1101 371 1104 371 1105 371 1127 378 1129 378 1130 378 1132 378 1145 371 1147 370 1334 370 1335 370 1353 378 1355 378 1356 378 1421 374 1446 381 1447 381 1448 382 1448 381 1450 381 1475 374 1571 396 1572 396 1574 396 1622 384 1687 395 1688 395 1911 393 1970 380 2009 392 2010 392 2012 392 2218 391 2220 391 2275 366 2275 345 2272 260 2181 268 2145 260 2144 260 2142 260 2141 260 2093 279 2010 279 1954 260 1939 256 1937 256 1936 256 1815 257 1813 257 1805 261 1771 279 1749 268 1747 268 1746 268 1744 268 1667 298 1614 287 1612 287 1611 287 1570 301 1393 302 1295 302 1161 264 1156 263 1155 263 1154 263 1152 263 1149 264 1123 275 1099 264 1096 263 1094 263 1050 263 1049 263 1048 263 1045 264 987 296 961 296 877 264 875 264 874 264 873 264 851 264 846 265 845 265 778 296 699 265 699 353 699 373"/></Shape>
	    <String CONTENT="Deducation a la Subsestanme ea"
                    HPOS="699"
                    VPOS="256"
                    WIDTH="1576"
                    HEIGHT="140"
                    WC="0.997479381163915"></String>
          </TextLine>
          <TextLine ID="eSc_line_4bb07832"
                    TAGREFS="LT319"
                    BASELINE="2430 363 2598 375 2866 380 2926 378 2977 367 3129 367" 
                    HPOS="2429"
                    VPOS="264"
                    WIDTH="700"
                    HEIGHT="140">
            <Shape><Polygon POINTS="2429 381 2462 381 2470 384 2496 392 2498 392 2499 392 2560 388 2579 396 2580 396 2582 396 2583 396 2585 396 2597 388 2640 395 2641 395 2642 395 2669 385 2670 385 2671 385 2709 402 2710 402 2711 402 2820 396 2856 404 2857 404 2859 404 2930 402 2932 402 2970 388 2973 388 3057 388 3058 389 3083 399 3084 399 3086 399 3127 389 3129 367 3129 276 3091 274 3090 274 3089 274 3087 274 3082 279 3043 311 3014 282 3006 274 3006 272 3005 272 3003 272 2985 271 2984 271 2983 271 2981 271 2981 272 2969 283 2927 323 2853 323 2823 289 2820 287 2820 286 2819 286 2817 286 2816 286 2815 286 2806 290 2764 312 2746 293 2733 280 2733 279 2732 279 2731 279 2729 279 2728 279 2710 285 2691 267 2691 265 2689 265 2688 265 2607 264 2605 264 2604 264 2602 264 2602 265 2578 289 2554 300 2528 314 2450 314 2432 305 2430 363 2429 381"/></Shape>
	    <String CONTENT="L&#x27;on tration de la"
                    HPOS="2429"
                    VPOS="264"
                    WIDTH="700"
                    HEIGHT="140"
                    WC="0.9719615048832364"></String>
          </TextLine>
          <TextLine ID="eSc_line_35303766"
                    TAGREFS="LT319"
                    BASELINE="698 476 1447 495" 
                    HPOS="696"
                    VPOS="386"
                    WIDTH="751"
                    HEIGHT="177">
            <Shape><Polygon POINTS="698 476 696 490 735 515 736 515 738 515 739 515 787 506 804 523 804 524 805 524 807 524 808 524 822 524 855 557 855 559 856 559 858 559 910 560 976 561 977 561 979 561 980 561 980 560 994 548 1006 560 1006 561 1008 561 1009 561 1048 563 1049 563 1050 563 1052 563 1110 517 1152 506 1173 521 1174 521 1176 521 1177 521 1178 521 1211 509 1222 519 1222 520 1224 520 1225 520 1227 520 1228 520 1229 520 1229 519 1243 508 1279 515 1280 515 1282 515 1283 515 1295 506 1312 515 1313 515 1315 515 1316 515 1318 515 1329 505 1367 521 1368 521 1370 521 1371 521 1373 521 1373 520 1388 506 1444 506 1447 495 1447 439 1384 436 1329 402 1327 402 1326 402 1306 402 1305 402 1304 402 1302 402 1262 433 1258 436 1217 436 1213 432 1206 426 1205 426 1203 426 1165 426 1138 399 1138 398 1137 398 1136 398 1075 395 1049 395 1048 395 1046 395 1045 395 1015 414 987 411 986 411 984 411 983 411 983 413 966 426 961 431 884 431 878 425 877 424 877 422 875 422 874 422 873 422 871 422 866 424 855 428 851 424 820 400 819 400 818 400 816 400 782 403 757 386 756 386 754 386 739 386 738 386 736 386 735 386 698 414 698 476"/></Shape>
	    <String CONTENT="dite affranchie"
                    HPOS="696"
                    VPOS="386"
                    WIDTH="751"
                    HEIGHT="177"
                    WC="0.9918006221453349"></String>
          </TextLine>
          <TextLine ID="eSc_line_6fd10ec4"
                    TAGREFS="LT319"
                    BASELINE="1081 666 1506 670 1846 659" 
                    HPOS="1079"
                    VPOS="561"
                    WIDTH="767"
                    HEIGHT="131">
            <Shape><Polygon POINTS="1081 676 1165 676 1205 691 1206 691 1207 692 1267 692 1267 691 1370 674 1371 674 1391 688 1392 688 1393 688 1395 688 1396 688 1419 683 1448 689 1450 689 1451 689 1452 689 1454 689 1462 681 1487 689 1488 689 1490 689 1491 689 1535 673 1536 673 1556 688 1557 688 1559 688 1560 688 1846 672 1846 659 1839 575 1822 589 1783 574 1776 572 1775 572 1773 572 1764 574 1735 581 1689 572 1685 572 1684 572 1682 572 1681 572 1681 574 1651 600 1559 594 1557 594 1556 594 1554 594 1554 596 1523 628 1319 628 1243 564 1240 561 1239 561 1238 561 1079 561 1081 666 1081 676"/></Shape>
	    <String CONTENT="oblige en outre"
                    HPOS="1079"
                    VPOS="561"
                    WIDTH="767"
                    HEIGHT="131"
                    WC="0.9954693992932637"></String>
          </TextLine>
          <TextLine ID="eSc_line_e1ed7c7d"
                    TAGREFS="LT319"
                    BASELINE="1999 622 2434 623 2956 608 3127 610" 
                    HPOS="1998"
                    VPOS="532"
                    WIDTH="1129"
                    HEIGHT="131">
            <Shape><Polygon POINTS="1999 622 1999 644 2025 662 2027 662 2028 662 2030 663 2093 663 2093 662 2094 662 2173 637 2174 637 2177 637 2237 659 2239 659 2240 659 2242 659 2293 634 2294 634 2363 630 2368 633 2407 656 2408 656 2410 656 2411 656 2412 656 2444 640 2476 647 2477 647 2550 630 2568 639 2569 639 2571 639 2572 639 2590 629 2593 628 2594 629 2611 637 2612 637 2613 639 2653 639 2653 637 2702 628 2707 626 2709 626 2757 652 2758 652 2759 652 2859 651 2860 651 2921 622 2922 622 2923 622 2944 630 2945 630 2947 630 2985 621 2991 621 3002 621 3093 628 3094 628 3096 628 3127 618 3127 610 3124 557 2786 563 2784 563 2731 532 2729 532 2666 532 2664 532 2615 534 2613 534 2612 534 2579 557 2558 559 2514 535 2513 535 2476 535 2474 535 2425 546 2379 545 2378 545 2377 545 2342 557 2304 549 2302 549 2301 549 2277 559 2265 550 2264 550 2262 550 2261 550 2260 550 2209 567 2185 559 2184 559 2182 559 2181 559 2162 568 2133 557 2131 557 2130 557 2129 557 2069 577 2065 578 1998 578 1999 622"/></Shape>
	    <String CONTENT="amparant de faire pouvoir"
                    HPOS="1998"
                    VPOS="532"
                    WIDTH="1129"
                    HEIGHT="131"
                    WC="0.9702958977222442"></String>
          </TextLine>
          <TextLine ID="eSc_line_d00fd541"
                    TAGREFS="LT319"
                    BASELINE="738 786 1220 789 1479 797 1930 794" 
                    HPOS="738"
                    VPOS="709"
                    WIDTH="1192"
                    HEIGHT="107">
            <Shape><Polygon POINTS="738 786 738 804 848 802 864 804 910 811 911 811 913 811 914 811 924 804 932 800 968 800 991 804 1028 812 1030 812 1064 804 1079 801 1165 801 1202 804 1308 813 1309 813 1414 812 1415 812 1437 804 1441 802 1475 802 1477 804 1494 813 1495 813 1497 813 1498 815 1721 815 1721 813 1765 805 1804 815 1805 815 1806 816 1893 816 1893 815 1895 815 1929 802 1930 794 1930 742 1890 728 1889 728 1888 728 1886 728 1853 739 1849 740 1848 739 1824 723 1823 723 1822 723 1820 723 1819 723 1805 728 1773 713 1772 713 1692 713 1691 713 1689 713 1647 734 1611 751 1587 751 1550 731 1514 712 1513 712 1512 712 1510 712 1473 728 1428 750 1258 750 1247 742 1246 742 1245 742 1243 742 1242 742 1232 747 1218 736 1217 736 1216 736 1214 736 1213 736 1188 750 1110 750 1063 717 1053 710 1052 710 1050 710 1049 710 1009 716 1006 716 997 709 995 709 994 709 911 709 910 709 908 709 907 709 902 713 856 745 804 710 802 709 801 709 800 709 738 709 738 786"/></Shape>
	    <String CONTENT="la Dite muneure dun tateur,"
                    HPOS="738"
                    VPOS="709"
                    WIDTH="1192"
                    HEIGHT="107"
                    WC="0.997640331586202"></String>
          </TextLine>
          <TextLine ID="eSc_line_a1571969"
                    TAGREFS="LT319"
                    BASELINE="1983 768 2736 739 3235 742" 
                    HPOS="1981"
                    VPOS="673"
                    WIDTH="1254"
                    HEIGHT="120">
            <Shape><Polygon POINTS="1983 768 1983 790 2057 793 2058 793 2060 793 2075 789 2147 768 2192 786 2195 787 2196 787 2198 787 2199 787 2203 786 2220 779 2277 785 2312 787 2313 787 2361 786 2363 786 2370 782 2395 769 2441 772 2443 772 2444 772 2480 760 2596 769 2597 769 2598 769 2642 754 2753 753 2819 757 2852 772 2853 772 2854 772 2856 772 2857 772 2894 751 2923 761 2925 761 2926 761 2927 761 2959 750 2992 760 2994 760 2995 760 2996 760 3035 750 3065 768 3067 768 3068 768 3069 768 3109 767 3111 767 3112 767 3126 757 3185 765 3191 765 3192 765 3193 765 3195 765 3211 754 3232 764 3235 742 3232 701 3184 701 3160 685 3159 685 3157 685 3156 685 3089 696 3027 673 3025 673 3024 673 2950 676 2948 676 2912 689 2892 677 2890 677 2889 677 2888 677 2837 688 2806 680 2805 680 2804 680 2802 680 2757 694 2736 681 2735 681 2733 681 2697 681 2696 681 2695 681 2693 681 2671 695 2652 683 2651 683 2649 683 2648 683 2567 685 2565 685 2564 685 2518 716 2516 718 2298 723 2287 721 2209 710 2207 710 2206 710 2151 725 2142 727 2136 725 2101 714 2100 714 2098 714 2054 723 2035 716 2034 716 2032 716 2031 716 2030 716 2013 728 2010 729 1981 729 1983 768"/></Shape>
	    <String CONTENT="our accepter la donna tion tat"
                    HPOS="1981"
                    VPOS="673"
                    WIDTH="1254"
                    HEIGHT="120"
                    WC="0.9803689738114675"></String>
          </TextLine>
          <TextLine ID="eSc_line_e1ff59eb"
                    TAGREFS="LT319"
                    BASELINE="735 922 968 919 1312 900 2510 893 2859 869 3153 862" 
                    HPOS="734"
                    VPOS="802"
                    WIDTH="2419"
                    HEIGHT="135">
            <Shape><Polygon POINTS="735 922 735 933 994 936 995 936 1046 928 1090 921 1111 926 1141 936 1143 936 1144 937 1192 937 1192 936 1194 936 1233 924 1265 915 1415 921 1535 925 1536 925 1594 917 1640 911 1662 915 1700 925 1761 926 1762 926 1764 926 1800 914 1802 913 1806 913 1870 926 1871 926 1946 910 1976 904 2020 908 2112 919 2114 919 2246 911 2290 918 2291 918 2377 907 2524 917 2525 917 2594 902 2653 911 2827 913 2828 913 2830 913 2886 892 2889 891 3152 886 3153 862 3149 802 2934 805 2933 805 2925 808 2882 823 2808 822 2806 822 2682 840 2578 820 2576 820 2499 838 2412 838 2356 824 2320 815 2319 815 2317 815 2316 815 2282 826 2213 849 2160 851 2061 851 2010 835 2009 835 2008 835 2006 835 1959 852 1802 846 1801 846 1727 855 1674 842 1593 824 1592 824 1454 849 1450 849 1447 849 1342 833 1341 833 1242 855 1205 864 1060 864 1032 860 878 838 877 838 734 869 735 922"/></Shape>
	    <String CONTENT="contimie aux presentes pour laccomptisrement Sesquels st"
                    HPOS="734"
                    VPOS="802"
                    WIDTH="2419"
                    HEIGHT="135"
                    WC="0.9906573817133904"></String>
          </TextLine>
          <TextLine ID="eSc_line_a0ce33f9"
                    TAGREFS="LT319"
                    BASELINE="3160 904 3203 904" 
                    HPOS="3160"
                    VPOS="862"
                    WIDTH="43"
                    HEIGHT="62">
            <Shape><Polygon POINTS="3160 904 3160 915 3178 924 3180 924 3181 924 3203 918 3203 904 3203 867 3160 862 3160 904"/></Shape>
	    <String CONTENT="3"
                    HPOS="3160"
                    VPOS="862"
                    WIDTH="43"
                    HEIGHT="62"
                    WC="0.9980576634407043"></String>
          </TextLine>
          <TextLine ID="eSc_line_2beacc69"
                    TAGREFS="LT319"
                    BASELINE="754 1038 984 1043 1159 1028 1973 1012 2176 998 3138 1003" 
                    HPOS="753"
                    VPOS="922"
                    WIDTH="2385"
                    HEIGHT="156">
            <Shape><Polygon POINTS="754 1038 754 1052 840 1076 841 1076 842 1078 918 1078 918 1076 919 1076 980 1059 1035 1075 1037 1075 1038 1076 1133 1076 1133 1075 1185 1074 1289 1048 1316 1042 1346 1046 1348 1046 1446 1035 1486 1046 1568 1071 1570 1071 1571 1071 1845 1070 1846 1070 1921 1043 1980 1021 2590 1019 2653 1038 2732 1063 2733 1063 2735 1064 2823 1064 2823 1063 2824 1063 2904 1037 2950 1020 3051 1019 3135 1034 3138 1003 3135 931 3002 948 2967 940 2966 940 2965 940 2963 940 2910 957 2863 950 2861 950 2860 950 2838 958 2764 937 2709 922 2707 922 2706 922 2333 925 2331 925 2261 947 2202 966 2131 961 2130 961 1885 969 1822 961 1820 961 1706 970 1649 959 1615 954 1614 954 1571 962 1557 964 1545 962 1472 951 1470 951 1415 954 1345 932 1344 932 1342 932 1262 939 1161 933 1159 933 1158 933 1017 973 1009 976 958 976 954 975 888 953 886 953 885 953 753 977 754 1038"/></Shape>
	    <String CONTENT="oblige affecté et hypoleque, tous les Bans présenr"
                    HPOS="753"
                    VPOS="922"
                    WIDTH="2385"
                    HEIGHT="156"
                    WC="0.9901842439174652"></String>
          </TextLine>
          <TextLine ID="eSc_line_e99cce1c"
                    TAGREFS="LT319"
                    BASELINE="740 1174 1538 1147 2310 1136" 
                    HPOS="739"
                    VPOS="1074"
                    WIDTH="1571"
                    HEIGHT="132">
            <Shape><Polygon POINTS="740 1174 740 1200 772 1206 774 1206 827 1198 921 1183 975 1192 1013 1199 1015 1199 1016 1199 1034 1189 1043 1185 1056 1189 1057 1189 1059 1189 1060 1189 1065 1188 1127 1176 1176 1185 1189 1187 1191 1187 1192 1187 1205 1184 1261 1167 1309 1167 1334 1178 1340 1181 1341 1181 1342 1181 1344 1181 1351 1178 1377 1165 1576 1160 1659 1166 1662 1166 1663 1166 1665 1166 1689 1159 1705 1165 1747 1181 1749 1181 1750 1181 1873 1178 1874 1178 1915 1156 1919 1155 1923 1156 1937 1162 1939 1162 1940 1162 1987 1159 2032 1174 2034 1174 2035 1174 2133 1173 2134 1173 2160 1163 2182 1172 2184 1172 2185 1172 2187 1172 2188 1172 2217 1154 2310 1141 2310 1136 2306 1100 2273 1100 2272 1100 2249 1089 2247 1089 2246 1089 2244 1089 2243 1089 2224 1101 2204 1101 2120 1104 2116 1103 2020 1074 2019 1074 2017 1074 1983 1075 1981 1075 1928 1101 1795 1081 1794 1081 1656 1089 1627 1083 1626 1083 1586 1085 1585 1085 1557 1100 1472 1094 1470 1094 1469 1094 1411 1118 1368 1101 1367 1101 1366 1101 1364 1101 1316 1121 1308 1123 1280 1121 1222 1116 1221 1116 1220 1116 1203 1123 1200 1123 1199 1123 1159 1111 1158 1111 1156 1111 1155 1111 1129 1125 1118 1130 958 1133 947 1129 891 1103 889 1103 888 1103 790 1104 789 1104 739 1130 740 1174"/></Shape>
	    <String CONTENT="et a Venir generatement que tronques"
                    HPOS="739"
                    VPOS="1074"
                    WIDTH="1571"
                    HEIGHT="132"
                    WC="0.9833928313520219"></String>
          </TextLine>
          <TextLine ID="eSc_line_73b33f51"
                    TAGREFS="LT319"
                    BASELINE="994 1352 1103 1351 1333 1334" 
                    HPOS="991"
                    VPOS="1283"
                    WIDTH="342"
                    HEIGHT="88">
            <Shape><Polygon POINTS="994 1352 994 1363 1038 1363 1059 1371 1060 1371 1061 1371 1104 1368 1105 1368 1107 1368 1107 1367 1108 1367 1114 1360 1125 1367 1126 1367 1127 1367 1129 1367 1130 1367 1154 1356 1159 1355 1162 1356 1180 1363 1181 1363 1183 1363 1184 1363 1185 1363 1185 1362 1195 1355 1195 1353 1196 1355 1214 1362 1216 1362 1217 1362 1218 1362 1220 1362 1220 1360 1228 1352 1229 1351 1236 1352 1256 1356 1257 1356 1258 1356 1271 1351 1276 1348 1282 1349 1298 1356 1300 1356 1301 1356 1302 1356 1304 1356 1313 1348 1318 1345 1331 1346 1333 1334 1327 1286 1264 1290 1262 1290 1260 1291 1245 1300 1233 1294 1213 1283 1211 1283 1210 1283 1209 1283 1167 1295 1136 1283 1134 1283 1133 1283 1097 1284 1043 1294 1042 1294 1041 1294 1041 1295 1039 1295 1026 1312 1024 1315 991 1315 994 1352"/></Shape>
	    <String CONTENT="A Nou"
                    HPOS="991"
                    VPOS="1283"
                    WIDTH="342"
                    HEIGHT="88"
                    WC="0.9996898293495178"></String>
          </TextLine>
          <TextLine ID="eSc_line_f12810fc"
                    TAGREFS="LT319"
                    BASELINE="1395 1306 2228 1305 2330 1311 2434 1326 2759 1329 3075 1356 3235 1359" 
                    HPOS="1395"
                    VPOS="1207"
                    WIDTH="1840"
                    HEIGHT="152">
            <Shape><Polygon POINTS="1395 1306 1396 1330 1462 1311 1611 1312 1640 1326 1641 1326 1643 1326 1644 1326 1662 1320 1703 1329 1705 1329 1793 1315 1833 1322 1834 1322 2028 1318 2105 1320 2141 1333 2142 1333 2144 1333 2228 1327 2254 1337 2255 1337 2257 1337 2372 1327 2428 1348 2436 1351 2437 1351 2439 1351 2531 1349 2564 1348 2565 1348 2601 1334 2750 1335 2786 1353 2788 1355 2790 1355 2791 1355 2799 1353 2837 1346 2879 1355 2888 1356 2889 1356 2897 1355 2926 1351 3152 1359 3235 1359 3235 1276 3045 1273 3038 1269 2988 1246 2987 1246 2985 1246 2984 1246 2921 1265 2904 1271 2889 1265 2835 1240 2834 1240 2832 1240 2790 1250 2724 1224 2722 1224 2721 1224 2663 1225 2662 1225 2589 1256 2558 1268 2529 1268 2430 1267 2393 1249 2374 1240 2372 1240 2305 1231 2304 1231 2176 1236 2122 1216 2120 1216 2119 1216 2118 1216 2052 1238 2014 1251 1947 1260 1844 1256 1787 1229 1747 1211 1746 1211 1415 1207 1414 1207 1413 1207 1395 1214 1395 1306"/></Shape>
	    <String CONTENT="faire Jusinmer ces Presentes par tout où Disin"
                    HPOS="1395"
                    VPOS="1207"
                    WIDTH="1840"
                    HEIGHT="152"
                    WC="0.968931847292444"></String>
          </TextLine>
          <TextLine ID="eSc_line_38d93e5d"
                    TAGREFS="LT319"
                    BASELINE="757 1472 1228 1458 1581 1433 2158 1435 3224 1457" 
                    HPOS="757"
                    VPOS="1367"
                    WIDTH="2467"
                    HEIGHT="113">
            <Shape><Polygon POINTS="757 1406 757 1472 852 1470 1293 1473 1294 1473 1329 1469 1410 1457 1837 1450 1885 1465 1886 1465 1888 1465 1991 1451 2188 1459 2189 1459 2191 1459 2221 1452 2389 1452 2432 1463 2433 1463 2434 1463 2436 1463 2448 1463 2608 1457 2674 1462 2854 1480 2856 1480 2857 1480 2897 1469 3115 1469 3146 1477 3148 1477 3149 1477 3222 1459 3224 1457 3222 1407 3131 1385 3130 1385 3049 1400 2948 1374 2947 1374 2872 1374 2871 1374 2769 1396 2666 1373 2597 1373 2596 1373 2594 1373 2531 1389 2466 1373 2465 1373 2313 1373 2312 1373 2310 1373 2242 1393 2156 1373 2155 1373 2082 1381 2038 1374 2036 1374 2035 1374 1996 1385 1948 1370 1947 1370 1946 1370 1856 1377 1806 1368 1805 1368 1663 1382 1619 1368 1618 1368 1560 1367 1559 1367 1422 1397 1206 1397 1144 1384 1143 1384 1141 1384 1097 1396 926 1396 882 1381 881 1381 880 1381 878 1381 826 1396 762 1396 757 1406"/></Shape>
	    <String CONTENT="sera pouvoir de ce faie et denrequerir acte étisant donna le"
                    HPOS="757"
                    VPOS="1367"
                    WIDTH="2467"
                    HEIGHT="113"
                    WC="0.960688583056132"></String>
          </TextLine>
          <TextLine ID="eSc_line_9a7c2a79"
                    TAGREFS="LT319"
                    BASELINE="783 1597 937 1594 1170 1578 1470 1575 1892 1556 2277 1561 2472 1571 2831 1559 3080 1567" 
                    HPOS="782"
                    VPOS="1475"
                    WIDTH="2298"
                    HEIGHT="136">
            <Shape><Polygon POINTS="783 1597 785 1611 1103 1611 1103 1609 1104 1609 1115 1605 1152 1592 1254 1596 1256 1596 1257 1596 1297 1585 1357 1603 1368 1605 1370 1605 1371 1605 1462 1604 1463 1604 1473 1601 1508 1587 1528 1593 1530 1593 1531 1593 1643 1578 2039 1574 2127 1587 2129 1587 2240 1570 2330 1572 2381 1587 2383 1589 2385 1589 2386 1589 2696 1583 2697 1583 2824 1565 2867 1574 3078 1578 3080 1567 3079 1512 3036 1512 2941 1479 2940 1479 2939 1479 2894 1488 2849 1475 2848 1475 2846 1475 2845 1475 2782 1497 2742 1494 2740 1494 2739 1494 2663 1517 2662 1517 2561 1509 2560 1509 2507 1519 2436 1495 2434 1495 2392 1494 2390 1494 2389 1494 2353 1506 2271 1484 2269 1484 2268 1484 2226 1486 2225 1486 2130 1514 1998 1488 1996 1488 1892 1490 1724 1494 1611 1520 1581 1513 1579 1513 1578 1513 1576 1513 1530 1530 1494 1517 1492 1517 1491 1517 1410 1538 1373 1538 1318 1523 1316 1523 1315 1523 1313 1523 1268 1541 1196 1541 1144 1523 1143 1523 1141 1523 1037 1543 964 1521 962 1521 961 1521 959 1521 896 1546 782 1547 783 1597"/></Shape>
	    <String CONTENT="en Sa Demeure, en cette Jile au quel hieu nomobistants"
                    HPOS="782"
                    VPOS="1475"
                    WIDTH="2298"
                    HEIGHT="136"
                    WC="0.9698964158693949"></String>
          </TextLine>
          <TextLine ID="eSc_line_28e60e44"
                    TAGREFS="LT319"
                    BASELINE="789 1705 1586 1680 1773 1682 2144 1673 2645 1670 3162 1678 3226 1671" 
                    HPOS="787"
                    VPOS="1589"
                    WIDTH="2439"
                    HEIGHT="144">
            <Shape><Polygon POINTS="789 1705 789 1733 944 1733 946 1733 950 1732 988 1718 1020 1722 1021 1722 1191 1700 1289 1714 1290 1714 1348 1703 1452 1705 1454 1705 1525 1695 1614 1717 1615 1717 1616 1717 1702 1698 1746 1706 1747 1706 1794 1700 1834 1713 1835 1713 1837 1713 1999 1689 2198 1685 2283 1706 2313 1713 2315 1713 2417 1710 2451 1702 2513 1687 2692 1678 2806 1685 2808 1685 2912 1678 2965 1692 2976 1695 2977 1695 2978 1695 3003 1692 3018 1689 3031 1691 3087 1700 3089 1700 3195 1699 3196 1699 3226 1687 3226 1671 3222 1616 3171 1616 3170 1616 3098 1596 3097 1596 3096 1596 3094 1596 3029 1619 3027 1620 2963 1620 2959 1620 2846 1589 2845 1589 2843 1589 2842 1589 2732 1623 2731 1623 2725 1623 2618 1619 2616 1619 2474 1627 2467 1627 2466 1627 2316 1593 2226 1593 2225 1593 2156 1598 2155 1598 2076 1626 2034 1614 2032 1614 2031 1614 2030 1614 1972 1629 1871 1598 1870 1598 1868 1598 1685 1601 1499 1627 1406 1609 1404 1609 1403 1609 1283 1641 1207 1626 1206 1626 1143 1636 1094 1623 1093 1623 1092 1623 1090 1623 1002 1651 870 1652 830 1643 829 1643 827 1643 826 1643 787 1654 789 1705"/></Shape>
	    <String CONTENT="promettant obligeant, Renoucant fait Jave double, Selan"
                    HPOS="787"
                    VPOS="1589"
                    WIDTH="2439"
                    HEIGHT="144"
                    WC="0.98605680140582"></String>
          </TextLine>
          <TextLine ID="eSc_line_426d5e5e"
                    TAGREFS="LT319"
                    BASELINE="797 1835 1075 1839 1326 1819 1560 1816 2001 1798 3210 1790" 
                    HPOS="796"
                    VPOS="1707"
                    WIDTH="2414"
                    HEIGHT="153">
            <Shape><Polygon POINTS="797 1835 797 1860 1311 1853 1312 1853 1331 1848 1414 1822 1565 1839 1567 1839 1722 1813 1775 1822 1776 1822 2024 1809 2068 1820 2069 1820 2177 1822 2178 1822 2260 1812 2338 1820 2339 1820 2400 1808 2487 1811 2488 1811 2490 1811 2509 1804 2564 1812 2565 1813 2710 1813 2710 1812 2769 1800 2817 1811 2834 1813 2835 1815 2923 1815 2923 1813 2925 1813 2943 1806 2963 1800 2984 1806 3009 1813 3010 1813 3012 1813 3208 1800 3210 1790 3207 1714 3166 1714 3164 1714 3163 1714 3162 1714 3073 1746 2978 1720 2934 1707 2933 1707 2889 1707 2888 1707 2886 1707 2842 1722 2783 1743 2725 1725 2673 1710 2671 1710 2602 1710 2601 1710 2505 1711 2503 1711 2433 1733 2372 1751 2268 1738 2246 1735 2189 1716 2188 1716 2187 1716 2119 1717 2118 1717 2058 1733 1983 1718 1981 1718 1914 1728 1815 1720 1813 1720 1769 1721 1768 1721 1670 1753 1633 1764 1510 1757 1488 1755 1487 1755 1391 1757 1389 1757 1379 1760 1355 1766 1298 1761 1272 1760 1271 1760 1269 1760 1261 1762 1242 1771 1006 1772 997 1769 964 1758 962 1758 961 1758 897 1766 853 1758 852 1758 851 1758 796 1773 797 1835"/></Shape>
	    <String CONTENT="ledit, au port Louis Jsle de france en Le tude lan mil"
                    HPOS="796"
                    VPOS="1707"
                    WIDTH="2414"
                    HEIGHT="153"
                    WC="0.9990825134295004"></String>
          </TextLine>
          <TextLine ID="eSc_line_80f2069b"
                    TAGREFS="LT319"
                    BASELINE="790 1958 1318 1946 1587 1922 1973 1923 2107 1911 3050 1908 3213 1921" 
                    HPOS="789"
                    VPOS="1830"
                    WIDTH="2424"
                    HEIGHT="149">
            <Shape><Polygon POINTS="790 1958 790 1979 942 1977 943 1977 998 1959 1134 1974 1147 1976 1148 1976 1289 1974 1300 1972 1385 1951 1437 1954 1439 1954 1440 1954 1475 1941 1603 1932 1674 1943 1676 1943 1731 1932 1830 1963 1848 1969 1849 1969 1850 1969 1939 1968 1940 1968 1959 1961 2056 1926 2349 1925 2434 1941 2436 1941 2564 1922 2846 1922 2916 1946 2950 1957 2951 1957 2952 1958 3065 1958 3065 1957 3067 1957 3107 1943 3113 1940 3126 1941 3177 1951 3178 1951 3180 1951 3213 1940 3213 1921 3210 1830 3174 1830 3173 1830 3171 1830 3170 1830 3105 1852 3036 1834 3027 1831 3025 1831 3024 1831 3023 1831 3013 1834 2923 1866 2827 1844 2826 1844 2777 1855 2677 1846 2675 1846 2674 1846 2637 1857 2600 1845 2569 1835 2568 1835 2567 1835 2565 1835 2532 1846 2506 1856 2455 1855 2454 1855 2452 1855 2410 1868 2359 1852 2319 1838 2317 1838 2316 1838 2199 1839 2198 1839 2167 1849 2092 1841 2090 1841 2089 1841 2032 1860 2021 1863 1995 1862 1937 1856 1936 1856 1935 1856 1908 1863 1884 1870 1853 1864 1736 1844 1735 1844 1637 1852 1550 1846 1549 1846 1548 1846 1492 1866 1425 1871 1389 1863 1388 1863 1386 1863 1385 1863 1344 1878 1319 1888 789 1892 790 1958"/></Shape>
	    <String CONTENT="Sept cant quatre Vinat heize le Sex avril avant nudy lain"
                    HPOS="789"
                    VPOS="1830"
                    WIDTH="2424"
                    HEIGHT="149"
                    WC="0.9700421785053454"></String>
          </TextLine>
          <TextLine ID="eSc_line_251451eb"
                    TAGREFS="LT319"
                    BASELINE="3208 1879 3230 1879" 
                    HPOS="3208"
                    VPOS="1846"
                    WIDTH="22"
                    HEIGHT="53">
            <Shape><Polygon POINTS="3208 1879 3208 1896 3229 1899 3230 1879 3228 1846 3208 1852 3208 1879"/></Shape>
	    <String CONTENT=""
                    HPOS="3208"
                    VPOS="1846"
                    WIDTH="22"
                    HEIGHT="53"></String>
          </TextLine>
          <TextLine ID="eSc_line_3bfcab39"
                    TAGREFS="LT319"
                    BASELINE="800 2076 1272 2064 1614 2045 2629 2021 2923 2021 3104 2034 3215 2034" 
                    HPOS="798"
                    VPOS="1932"
                    WIDTH="2417"
                    HEIGHT="160">
            <Shape><Polygon POINTS="800 2076 800 2092 1222 2083 1298 2071 1391 2074 1392 2074 1393 2074 1419 2064 1629 2067 1630 2067 1632 2067 1666 2056 1773 2053 1903 2061 1904 2061 1981 2047 2222 2043 2275 2054 2276 2054 2333 2042 2368 2047 2370 2047 2421 2039 2501 2054 2502 2054 2503 2054 2505 2054 2567 2036 2732 2038 2733 2038 2809 2030 2910 2039 2911 2039 2912 2039 2934 2032 3031 2042 3032 2042 3214 2038 3215 2034 3211 1970 3036 1973 2903 1932 2901 1932 2900 1932 2899 1932 2769 1979 2697 1972 2696 1972 2616 1983 2509 1952 2507 1952 2506 1952 2505 1952 2459 1966 2383 1943 2382 1943 2346 1943 2345 1943 2344 1943 2297 1959 2265 1952 2264 1952 2262 1952 2192 1972 2156 1968 2155 1968 2049 1994 1961 1968 1959 1968 1958 1968 1890 1972 1835 1954 1834 1954 1833 1954 1733 1970 1691 1958 1689 1958 1688 1958 1406 1963 1357 1965 1356 1965 1261 1998 1194 1983 1192 1983 1191 1983 1101 2006 1059 1994 1057 1994 1056 1994 1054 1994 999 2014 798 2024 800 2076"/></Shape>
	    <String CONTENT="deux de La Republique francaise et à declare ne Savoir icrire"
                    HPOS="798"
                    VPOS="1932"
                    WIDTH="2417"
                    HEIGHT="160"
                    WC="0.9908058887622395"></String>
          </TextLine>
          <TextLine ID="eSc_line_573deef9"
                    TAGREFS="LT319"
                    BASELINE="808 2195 928 2192 1245 2164 1473 2156 1762 2155 1963 2147 3196 2144" 
                    HPOS="807"
                    VPOS="2071"
                    WIDTH="2389"
                    HEIGHT="124">
            <Shape><Polygon POINTS="808 2195 869 2195 1067 2193 1078 2192 1147 2177 1202 2188 1203 2188 1417 2166 1524 2170 1559 2182 1560 2182 1561 2182 1563 2182 1600 2169 1632 2169 1680 2181 1714 2188 1716 2188 1791 2187 1793 2187 1822 2178 1875 2160 2215 2159 2264 2170 2272 2171 2273 2171 2294 2170 2377 2159 2441 2167 2474 2170 2476 2170 2507 2166 2558 2158 2579 2164 2625 2180 2626 2180 2627 2180 2755 2178 2757 2178 2808 2160 2827 2153 2846 2159 2856 2162 2857 2162 2859 2162 2889 2159 2940 2152 2972 2156 2996 2160 2998 2160 2999 2160 3014 2156 3024 2153 3032 2156 3050 2162 3051 2162 3053 2162 3196 2152 3196 2144 3193 2090 3118 2071 3116 2071 2958 2086 2886 2072 2885 2072 2743 2098 2674 2111 2593 2111 2561 2103 2456 2076 2455 2076 2253 2078 2251 2078 2200 2090 2130 2079 2023 2079 2021 2079 1981 2080 1980 2080 1873 2115 1842 2125 1802 2116 1797 2116 1795 2116 1700 2119 1673 2119 1671 2119 1643 2111 1641 2111 1640 2111 1530 2122 1514 2123 1510 2123 1491 2118 1490 2118 1488 2118 1457 2123 1430 2129 1413 2125 1340 2104 1338 2104 1337 2104 1297 2111 1211 2096 1210 2096 1209 2096 1111 2130 1103 2134 807 2136 808 2195"/></Shape>
	    <String CONTENT="ui Sigue de le Enquis après ree ture faitte ainsi qu&#x27;il est dit"
                    HPOS="807"
                    VPOS="2071"
                    WIDTH="2389"
                    HEIGHT="124"
                    WC="0.9766721337560623"></String>
          </TextLine>
          <TextLine ID="eSc_line_eb1e8f90"
                    TAGREFS="LT319"
                    BASELINE="811 2317 1075 2305" 
                    HPOS="809"
                    VPOS="2243"
                    WIDTH="266"
                    HEIGHT="91">
            <Shape><Polygon POINTS="811 2317 811 2326 837 2334 838 2334 840 2334 896 2324 928 2320 1074 2321 1075 2305 1071 2243 1005 2243 1004 2243 1002 2243 1001 2243 1001 2244 984 2260 957 2290 900 2291 885 2280 878 2275 877 2275 875 2275 874 2275 873 2275 849 2286 835 2276 834 2276 833 2276 831 2276 830 2276 829 2276 809 2291 811 2317"/></Shape>
	    <String CONTENT="en La"
                    HPOS="809"
                    VPOS="2243"
                    WIDTH="266"
                    HEIGHT="91"
                    WC="0.9999753475189209"></String>
          </TextLine>
          <TextLine ID="eSc_line_8beab671"
                    TAGREFS="LT319"
                    BASELINE="1114 2279 1629 2246 1974 2240 2142 2254 3200 2255" 
                    HPOS="1112"
                    VPOS="2170"
                    WIDTH="2088"
                    HEIGHT="128">
            <Shape><Polygon POINTS="1114 2279 1114 2298 1245 2297 1246 2297 1282 2282 1670 2264 1760 2291 1761 2291 1762 2293 1764 2293 1808 2293 1808 2291 1809 2291 1884 2261 1948 2261 2024 2288 2025 2288 2027 2288 2123 2266 2265 2266 2288 2273 2290 2273 2291 2273 2395 2268 2396 2268 2422 2258 2510 2282 2512 2282 2513 2282 2666 2258 2870 2275 2871 2275 2872 2275 2930 2260 2981 2266 2983 2266 2984 2266 3013 2258 3035 2266 3036 2266 3197 2276 3200 2255 3199 2204 3102 2170 3101 2170 3100 2170 3098 2170 2998 2203 2925 2177 2923 2177 2922 2177 2921 2177 2885 2191 2838 2173 2837 2173 2835 2173 2744 2174 2743 2174 2641 2211 2637 2214 2542 2214 2540 2213 2494 2196 2492 2196 2491 2196 2490 2196 2469 2203 2417 2184 2415 2184 2414 2184 2339 2196 2291 2188 2290 2188 2288 2188 2242 2203 2211 2193 2210 2193 2209 2193 2207 2193 2182 2203 2122 2180 2120 2180 2119 2180 1812 2182 1811 2182 1702 2221 1651 2210 1649 2210 1552 2220 1484 2215 1483 2215 1481 2215 1454 2225 1112 2228 1114 2279"/></Shape>
	    <String CONTENT="premiere menute Con trotie au Port Louis Jsle de France"
                    HPOS="1112"
                    VPOS="2170"
                    WIDTH="2088"
                    HEIGHT="128"
                    WC="0.9848850813778964"></String>
          </TextLine>
          <TextLine ID="eSc_line_a35cd400"
                    TAGREFS="LT319"
                    BASELINE="818 2422 975 2419 1121 2400 1268 2393 1632 2356 2561 2360 3204 2352" 
                    HPOS="815"
                    VPOS="2284"
                    WIDTH="2389"
                    HEIGHT="139">
            <Shape><Polygon POINTS="818 2422 818 2423 1105 2414 1118 2417 1127 2419 1129 2419 1130 2419 1151 2415 1192 2408 1216 2414 1231 2418 1232 2418 1233 2418 1256 2414 1360 2389 1407 2399 1408 2399 1410 2399 1457 2385 1556 2378 1988 2374 2049 2393 2086 2406 2087 2406 2089 2407 2141 2407 2141 2406 2207 2389 2243 2381 2268 2388 2313 2403 2315 2403 2316 2403 2317 2403 2381 2385 2399 2379 2481 2375 2525 2382 2532 2382 2534 2382 2535 2382 2539 2381 2565 2374 2591 2381 2625 2388 2626 2388 2627 2388 2662 2378 2680 2374 2693 2378 2754 2397 2755 2397 2757 2399 2813 2399 2813 2397 2881 2394 2882 2394 2948 2372 2977 2381 2978 2381 2980 2381 2981 2381 3017 2370 3039 2363 3078 2368 3113 2372 3115 2372 3203 2364 3204 2352 3202 2324 3018 2313 3017 2313 2969 2323 2863 2309 2861 2309 2791 2319 2729 2301 2728 2301 2726 2301 2667 2304 2609 2284 2608 2284 2607 2284 2523 2286 2521 2286 2423 2313 2331 2288 2330 2288 2328 2288 2250 2297 2224 2290 2222 2290 2221 2290 2053 2293 2052 2293 1950 2328 1845 2295 1844 2295 1842 2295 1795 2302 1768 2297 1766 2297 1655 2320 1574 2309 1572 2309 1571 2309 1536 2321 1451 2299 1450 2299 1448 2299 1447 2299 1269 2349 815 2355 818 2422"/></Shape>
	    <String CONTENT="(avril 1793 Lait deux de La Republique francaise par sancon"
                    HPOS="815"
                    VPOS="2284"
                    WIDTH="2389"
                    HEIGHT="139"
                    WC="0.9879433906684487"></String>
          </TextLine>
          <TextLine ID="eSc_line_1bd7b40b"
                    TAGREFS="LT319"
                    BASELINE="2605 2474 2613 2474" 
                    HPOS="2605"
                    VPOS="2474"
                    WIDTH="8"
                    HEIGHT="3">
            <Shape><Polygon POINTS="2605 2477 2612 2477 2613 2474 2605 2474 2605 2477"/></Shape>
	    <String CONTENT="d"
                    HPOS="2605"
                    VPOS="2474"
                    WIDTH="8"
                    HEIGHT="3"
                    WC="0.9999841451644897"></String>
          </TextLine>
        </TextBlock>
        <TextBlock HPOS="0"
                   VPOS="1520"
                   WIDTH="92"
                   HEIGHT="98"
                   ID="eSc_textblock_ab37ce21"
                   TAGREFS="BT444">
          <Shape><Polygon POINTS="15 1520 86 1536 92 1590 5 1618 0 1525 15 1520"/></Shape>
          <TextLine ID="eSc_line_2d19fbfb"
                    TAGREFS="LT319"
                    BASELINE="13 1586 27 1585" 
                    HPOS="8"
                    VPOS="1524"
                    WIDTH="22"
                    HEIGHT="103">
            <Shape><Polygon POINTS="16 1627 30 1627 27 1585 20 1527 8 1524 13 1586 16 1627"/></Shape>
	    <String CONTENT="1"
                    HPOS="8"
                    VPOS="1524"
                    WIDTH="22"
                    HEIGHT="103"
                    WC="0.9981011748313904"></String>
          </TextLine>
        </TextBlock>
        <TextBlock HPOS="2686"
                   VPOS="55"
                   WIDTH="203"
                   HEIGHT="119"
                   ID="eSc_textblock_771fb983"
                   TAGREFS="BT444">
          <Shape><Polygon POINTS="2823 55 2883 77 2889 125 2867 158 2784 174 2697 158 2686 115 2709 66 2823 55"/></Shape>
          <TextLine ID="eSc_line_bf294c58"
                    TAGREFS="LT319"
                    BASELINE="2706 122 2870 128" 
                    HPOS="2704"
                    VPOS="72"
                    WIDTH="166"
                    HEIGHT="91">
            <Shape><Polygon POINTS="2706 122 2704 144 2720 161 2720 162 2721 162 2722 162 2761 163 2762 163 2764 163 2765 163 2788 145 2868 140 2870 128 2868 103 2832 103 2831 101 2808 75 2808 74 2806 74 2805 74 2788 72 2787 72 2742 75 2740 75 2706 93 2706 122"/></Shape>
	    <String CONTENT="171."
                    HPOS="2704"
                    VPOS="72"
                    WIDTH="166"
                    HEIGHT="91"
                    WC="0.9937315285205841"></String>
          </TextLine>
        </TextBlock>
        <TextBlock HPOS="115"
                   VPOS="2418"
                   WIDTH="54"
                   HEIGHT="15"
                   ID="eSc_textblock_921b0645"
                   TAGREFS="BT444">
          <Shape><Polygon POINTS="130 2418 158 2418 169 2433 115 2433 130 2418"/></Shape>
        </TextBlock>
        <TextBlock HPOS="16"
                   VPOS="2098"
                   WIDTH="15"
                   HEIGHT="21"
                   ID="eSc_textblock_bbf645b4"
                   TAGREFS="BT444">
          <Shape><Polygon POINTS="20 2098 31 2104 31 2119 16 2119 20 2098"/></Shape>
        </TextBlock>
        <TextBlock HPOS="2808"
                   VPOS="1118"
                   WIDTH="48"
                   HEIGHT="4"
                   ID="eSc_textblock_1cd675e5"
                   TAGREFS="BT444">
          <Shape><Polygon POINTS="2812 1118 2856 1118 2856 1122 2808 1122 2812 1118"/></Shape>
        </TextBlock>
        <TextBlock HPOS="33"
                   VPOS="919"
                   WIDTH="37"
                   HEIGHT="76"
                   ID="eSc_textblock_4ea83ed6"
                   TAGREFS="BT444">
          <Shape><Polygon POINTS="37 919 64 931 70 979 33 995 37 919"/></Shape>
        </TextBlock>
        <TextBlock HPOS="44"
                   VPOS="1129"
                   WIDTH="64"
                   HEIGHT="43"
                   ID="eSc_textblock_1483d723"
                   TAGREFS="BT444">
          <Shape><Polygon POINTS="59 1129 108 1134 103 1172 44 1172 66 1160 59 1129"/></Shape>
        </TextBlock>
      </PrintSpace>
    </Page>
  </Layout>
</alto>
