3158 2479
150 168 129 73 de.

126 297 179 110 en e

129 418 149 86 f l

110 550 162 76 con

100 834 135 88 qu

2171 33 878 112 cent quarante beuit. /

762 166 2391 175 Sept cent Soir aute Seize en le teinte sise a la nvière.

754 254 2397 226 la chaus itte de france en pettence iler ce toyent loseph

745 396 2338 209 canet et zean baptette quillemin; nabitant.

739 493 2385 235 demeurante Se parement susdite quartiere et parois

728 639 2384 213 temoisns ; pouu cerequis et transpeorte lan dourieme

731 749 2359 223 de la republigne françaite teneuf a Viil mil eept.

716 863 2375 249 cent quatre Vingt heige a Vaus mili. et out lesdits

707 980 2384 256 eitoyen laroi et temoinns dle nommés Signir a Vee les

681 1100 2401 267 temorins denommes non la ditte lonise heusiele quis

681 1229 2395 258 a declare ne sentoie ecsire ni Sigerent éle ce cuquile

672 1370 2418 241 sui vant Cordonnonce ; le tout aper tectare faite dens

666 1512 2383 224 minuse ces pesentes anpieds de tnne ; dle 4quelles et.

663 1644 2394 209 enit contallé auport loinisle dle france le neuf.

659 1762 2380 210 a liel mil sept cent quatre Vingt tuize in deuvieme de

648 1896 2427 209 la republigne fracegaise recu deur litus Signe fancon

641 2027 2412 213 lantre pour etre renide an burean iles ihachie des

630 2178 2388 203 colonme le tout demeure an pon Voirs an ectoisen.

976 2279 2044 198 leron ce reqnerant en lui donnant afie des
