2471 3508
432 56 783 103 de hoiseent litur

421 159 1693 141 d peaue evrcuu ten le predent letetnent la la

1306 105 18 76 —

417 286 1702 113 amomne lapestonne lu S Vacquis pellites n

423 387 1710 104 du quon tesnement i cheser sindee mucx

409 504 1749 100 malatarde entie les mans duquel ele l

2238 479 43 97 4

409 606 1759 109 de vaide s. de tour el bienne lis tent cecont

407 711 1722 125 Voulans quil ne sle gardien de loutit

403 824 1787 127 Succession qudqna cegeue esdite comme a

380 947 1784 113 mascine Srit par lenn a lencmagorité

401 1050 1785 132 SaMisrment par mariayer a la eharge den u

388 1153 1772 137 des houite poour tocenhe tien et edenation

1503 1253 45 54 d

376 1274 1851 160 Ee fut aci di fais dule el monune par ladit

372 1377 1864 166 Sertsahrie apieies y les baliu notoire deunoi

366 1481 1904 156 de meumant en cette Ville me de Mespital a lu

335 1600 1942 152 moyena malalon de memant en ette Vellu

360 1722 1933 143 dit camp. des malatorde parsisin com

329 1859 1987 156 Mafrançois le carq en ol malasair dlememant

325 1962 1991 164 a et d. lien tomoiis paurccresmir 4h epré appere

312 2075 1989 168 an pre senie delquels le prelens le srent

312 2210 2024 161 aeyent êté eu es relis un not a perlantie ale

294 2321 2038 193 leMutice elle a dleclare yper si vtenetctie i

286 2455 2050 166 demin Volonte fais. 4i prastle en lrete t ala

273 2560 2108 189 requisition de la te tataue acote le somlit anpport la

249 2669 2130 184 ple de France le goe di Vingt Sir quillet milsept cent

259 2779 2133 202 quate Viuigt donze quate teures de re leVes et les temoi

259 2897 2141 193 seques vor la le Et hiie quia declaré de Sa Vir commnt

259 2997 2137 234 Signer de ce enquile ainté Signé françoir Cesq. Jolephuy
