<?xml version="1.0" encoding="UTF-8"?>
<alto xmlns:xsi="http://www.w3.org/2001/XMLSchema-instance"
      xmlns="http://www.loc.gov/standards/alto/ns-v4#"
      xsi:schemaLocation="http://www.loc.gov/standards/alto/ns-v4# http://www.loc.gov/standards/alto/v4/alto-4-2.xsd">
  <Description>
    <MeasurementUnit>pixel</MeasurementUnit>
    <sourceImageInformation>
      <fileName>JK10_5.pdf_page_9.png</fileName>
      <fileIdentifier>pdf//JK10_5.pdf</fileIdentifier>
    </sourceImageInformation>
  </Description>
  <Tags>
    <OtherTag ID="BT8" LABEL="DamageZone" DESCRIPTION="block type DamageZone"/><OtherTag ID="BT9" LABEL="DigitizationArtefactZone" DESCRIPTION="block type DigitizationArtefactZone"/><OtherTag ID="BT12" LABEL="MainZone" DESCRIPTION="block type MainZone"/><OtherTag ID="BT13" LABEL="MarginTextZone" DESCRIPTION="block type MarginTextZone"/><OtherTag ID="BT15" LABEL="NumberingZone" DESCRIPTION="block type NumberingZone"/><OtherTag ID="BT17" LABEL="QuireMarksZone" DESCRIPTION="block type QuireMarksZone"/><OtherTag ID="BT22" LABEL="TitlePageZone" DESCRIPTION="block type TitlePageZone"/><OtherTag ID="BT439" LABEL="CustomZone:closer" DESCRIPTION="block type CustomZone:closer"/><OtherTag ID="BT440" LABEL="CustomZone:paraph" DESCRIPTION="block type CustomZone:paraph"/><OtherTag ID="BT441" LABEL="NumberingZone:document" DESCRIPTION="block type NumberingZone:document"/><OtherTag ID="BT442" LABEL="NumberingZone:folio" DESCRIPTION="block type NumberingZone:folio"/><OtherTag ID="BT443" LABEL="NumberingZone:page" DESCRIPTION="block type NumberingZone:page"/><OtherTag ID="BT444" LABEL="text" DESCRIPTION="block type text"/>
    <OtherTag ID="LT8" LABEL="DefaultLine" DESCRIPTION="line type DefaultLine"/><OtherTag ID="LT10" LABEL="HeadingLine" DESCRIPTION="line type HeadingLine"/><OtherTag ID="LT11" LABEL="InterlinearLine" DESCRIPTION="line type InterlinearLine"/><OtherTag ID="LT319" LABEL="default" DESCRIPTION="line type default"/>
  </Tags>
  <Layout>
    <Page WIDTH="3242"
          HEIGHT="2479"
          PHYSICAL_IMG_NR="8"
          ID="eSc_dummypage_">
      <PrintSpace HPOS="0"
                  VPOS="0"
                  WIDTH="3242"
                  HEIGHT="2479">
        <TextBlock HPOS="677"
                   VPOS="187"
                   WIDTH="2471"
                   HEIGHT="2290"
                   ID="eSc_textblock_850882ac"
                   TAGREFS="BT444">
          <Shape><Polygon POINTS="2463 187 2861 198 2883 225 2867 279 2731 312 2696 340 2933 369 2972 391 2972 494 2994 528 2994 1034 3016 1160 3060 1205 3027 1222 3016 1265 2999 1243 2907 1265 2889 1298 2929 1338 3021 1355 3043 1452 3076 1492 3065 1607 3082 1645 3054 1689 3082 1772 3060 1816 3093 1888 3137 1911 3076 1922 3131 1932 3076 1937 3148 1954 3083 1954 3076 2036 3021 2049 3021 2207 3067 2264 3120 2269 3115 2372 3098 2374 3115 2389 3061 2389 3049 2361 3012 2372 3005 2472 3027 2477 760 2477 782 2407 743 2372 732 2137 705 2036 699 1371 677 1239 705 1200 780 1195 815 1149 804 639 782 472 798 413 1019 374 1622 385 2338 352 2378 336 2262 334 2058 279 2047 231 2125 203 2463 187"/></Shape>
          <TextLine ID="eSc_line_168d1848"
                    TAGREFS="LT319"
                    BASELINE="2057 250 2480 253 2852 246" 
                    HPOS="2056"
                    VPOS="199"
                    WIDTH="796"
                    HEIGHT="103">
            <Shape><Polygon POINTS="2069 221 2056 225 2057 250 2057 268 2107 276 2108 276 2167 269 2199 300 2199 301 2200 301 2202 301 2203 302 2288 302 2288 301 2290 301 2291 301 2291 300 2315 279 2359 287 2360 287 2361 287 2363 287 2381 276 2412 283 2414 283 2415 283 2428 278 2451 294 2452 294 2454 294 2492 300 2494 300 2495 300 2496 300 2496 298 2517 279 2532 289 2534 289 2535 289 2536 289 2561 287 2563 287 2564 287 2591 268 2616 268 2644 293 2644 294 2645 294 2647 294 2669 298 2670 298 2702 294 2703 294 2704 294 2704 293 2733 267 2769 267 2793 289 2793 290 2794 290 2795 290 2797 290 2798 290 2799 290 2815 280 2826 286 2827 286 2828 286 2830 286 2831 286 2831 285 2852 265 2852 246 2850 212 2830 199 2828 199 2827 199 2826 199 2775 201 2773 201 2753 210 2737 199 2736 199 2735 199 2692 199 2691 199 2689 199 2688 199 2666 214 2662 216 2622 214 2578 213 2564 201 2563 201 2561 201 2560 201 2509 210 2490 201 2488 201 2487 201 2485 201 2484 201 2466 216 2465 216 2458 216 2368 206 2367 206 2366 206 2364 206 2353 216 2350 218 2304 218 2294 216 2191 202 2189 202 2188 202 2137 217 2136 218 2078 218 2069 221"/></Shape>
	    <String CONTENT="cccet quarante Sept"
                    HPOS="2056"
                    VPOS="199"
                    WIDTH="796"
                    HEIGHT="103"
                    WC="0.9483114355488828"></String>
          </TextLine>
          <TextLine ID="eSc_line_d22ff1e1"
                    TAGREFS="LT319"
                    BASELINE="793 487 1002 475" 
                    HPOS="790"
                    VPOS="439"
                    WIDTH="212"
                    HEIGHT="89">
            <Shape><Polygon POINTS="793 487 793 504 845 508 870 528 871 528 873 528 874 528 933 526 935 526 936 526 973 494 1002 491 1002 475 998 443 966 448 958 446 933 439 932 439 931 439 929 439 896 453 889 455 885 454 863 443 862 443 860 443 859 443 790 462 793 487"/></Shape>
	    <String CONTENT="Legue"
                    HPOS="790"
                    VPOS="439"
                    WIDTH="212"
                    HEIGHT="89"
                    WC="0.9324398756027221"></String>
          </TextLine>
          <TextLine ID="eSc_line_56bb37f8"
                    TAGREFS="LT319"
                    BASELINE="1024 465 1503 455 2633 413 2941 418" 
                    HPOS="1021"
                    VPOS="356"
                    WIDTH="1920"
                    HEIGHT="134">
            <Shape><Polygon POINTS="1024 465 1024 482 1149 487 1151 487 1221 477 1227 477 1232 477 1319 490 1320 490 1322 490 1363 475 1375 471 1436 473 1492 475 1494 475 1495 475 1506 471 1521 466 1603 469 1626 469 1627 469 1638 468 1687 461 1711 466 1754 476 1755 476 1815 464 1852 457 1884 462 1908 466 1910 466 1936 461 1983 451 2021 459 2056 466 2057 466 2268 459 2297 453 2338 443 2408 450 2445 454 2447 454 2470 448 2535 433 2600 446 2615 448 2616 448 2655 447 2656 447 2664 444 2711 428 2732 433 2733 433 2735 433 2835 424 2941 437 2941 418 2937 371 2810 374 2808 373 2764 356 2762 356 2761 356 2696 367 2662 356 2660 356 2659 356 2557 373 2491 366 2490 366 2488 366 2444 381 2439 382 2422 381 2282 369 2280 369 2279 369 2217 385 2182 395 2080 389 1937 380 1936 380 1935 380 1895 392 1857 382 1856 382 1855 382 1800 395 1795 395 1791 395 1742 386 1740 386 1638 396 1539 392 1538 392 1536 392 1508 400 1450 418 1200 411 1199 411 1198 411 1162 428 1101 428 1021 411 1024 465"/></Shape>
	    <String CONTENT="e relide achiellement, pa tenat de la"
                    HPOS="1021"
                    VPOS="356"
                    WIDTH="1920"
                    HEIGHT="134"
                    WC="0.9853285712164801"></String>
          </TextLine>
          <TextLine ID="eSc_line_a595e460"
                    TAGREFS="LT319"
                    BASELINE="811 607 1019 599" 
                    HPOS="808"
                    VPOS="567"
                    WIDTH="211"
                    HEIGHT="61">
            <Shape><Polygon POINTS="811 607 811 625 1017 628 1019 599 1016 570 808 567 811 607"/></Shape>
	    <String CONTENT="non"
                    HPOS="808"
                    VPOS="567"
                    WIDTH="211"
                    HEIGHT="61"
                    WC="0.9998408953348795"></String>
          </TextLine>
          <TextLine ID="eSc_line_ce0a891e"
                    TAGREFS="LT319"
                    BASELINE="1027 596 1088 589 1713 574 1976 556 2401 542 2972 535" 
                    HPOS="1024"
                    VPOS="475"
                    WIDTH="1948"
                    HEIGHT="158">
            <Shape><Polygon POINTS="1027 596 1027 633 1071 633 1072 633 1143 610 1192 625 1194 625 1195 625 1308 615 1342 622 1360 625 1362 625 1738 616 1804 603 1906 579 1954 589 1955 589 2092 575 2149 588 2153 588 2155 588 2165 586 2265 571 2378 578 2392 578 2393 578 2411 577 2510 564 2569 570 2644 577 2645 577 2647 577 2671 566 2674 564 2680 564 2699 568 2700 568 2746 561 2780 557 2794 560 2859 575 2860 575 2861 575 2900 557 2972 552 2972 535 2969 502 2910 488 2908 488 2881 494 2849 482 2848 482 2846 482 2845 482 2808 491 2757 487 2755 487 2754 487 2720 498 2613 475 2612 475 2611 475 2536 498 2492 484 2491 484 2490 484 2488 484 2470 490 2400 479 2399 479 2064 487 2038 488 2036 488 1985 510 1959 523 1886 534 1605 539 1536 531 1535 531 1534 531 1512 542 1404 545 1356 537 1355 537 1295 548 1232 537 1231 537 1229 537 1199 548 1129 521 1127 521 1126 521 1086 530 1053 520 1035 515 1034 515 1032 515 1031 515 1024 517 1027 596"/></Shape>
	    <String CONTENT="¬varie Jeanne ; epoude aatonlie du entoyen"
                    HPOS="1024"
                    VPOS="475"
                    WIDTH="1948"
                    HEIGHT="158"
                    WC="0.9882553475243705"></String>
          </TextLine>
          <TextLine ID="eSc_line_d0e8e34d"
                    TAGREFS="LT319"
                    BASELINE="813 750 976 747 1181 720 1594 703 1966 674 2616 651 2965 645" 
                    HPOS="811"
                    VPOS="596"
                    WIDTH="2154"
                    HEIGHT="189">
            <Shape><Polygon POINTS="813 750 813 785 987 778 988 778 995 776 1137 735 1242 743 1243 743 1245 743 1283 732 1437 728 1499 746 1527 754 1528 754 1530 754 1888 732 1889 732 1923 721 1999 695 2149 689 2222 703 2237 706 2239 706 2265 701 2276 699 2280 701 2323 714 2324 714 2326 714 2327 714 2385 694 2433 676 2523 673 2568 683 2620 695 2622 695 2680 683 2707 687 2709 687 2710 687 2759 672 2795 661 2965 659 2965 645 2962 612 2872 615 2798 596 2797 596 2795 596 2724 608 2692 599 2691 599 2689 599 2688 599 2664 608 2638 599 2637 599 2636 599 2542 607 2540 607 2448 634 2447 634 2445 634 2390 616 2389 616 2294 614 2293 614 2137 643 2087 629 2086 629 2017 626 2016 626 1857 659 1743 643 1742 643 1603 669 1564 656 1563 656 1498 654 1497 654 1495 654 1418 674 1351 656 1349 656 1348 656 1240 661 1239 661 1127 692 1126 694 811 706 813 750"/></Shape>
	    <String CONTENT="deuse tomé au midi par ce estozen desgunt a"
                    HPOS="811"
                    VPOS="596"
                    WIDTH="2154"
                    HEIGHT="189"
                    WC="0.954583277535993"></String>
          </TextLine>
          <TextLine ID="eSc_line_b5e798db"
                    TAGREFS="LT319"
                    BASELINE="812 875 984 869 1192 842 1692 818 2006 789 2612 760 2950 754" 
                    HPOS="809"
                    VPOS="710"
                    WIDTH="2141"
                    HEIGHT="182">
            <Shape><Polygon POINTS="812 875 812 892 1101 885 1103 885 1136 875 1183 859 1235 858 1268 867 1273 869 1275 869 1276 869 1318 864 1397 855 1426 858 1492 864 1494 864 1495 864 1538 851 1575 838 1888 823 1921 829 1935 830 1936 830 1999 823 2009 823 2012 823 2067 834 2068 834 2297 816 2406 816 2407 816 2408 816 2461 796 2463 796 2467 796 2491 800 2492 800 2494 800 2509 793 2517 789 2673 782 2691 783 2827 794 2828 794 2830 794 2907 769 2910 768 2948 767 2950 754 2947 720 2871 712 2870 712 2793 725 2625 710 2623 710 2622 710 2579 721 2547 713 2546 713 2545 713 2491 716 2490 716 2441 728 2408 720 2407 720 2406 720 2345 724 2344 724 2264 746 2207 735 2206 735 2160 745 2097 736 2096 736 2013 740 1893 768 1769 754 1768 754 1629 769 1570 764 1568 764 1472 772 1470 772 1406 801 1329 804 1283 791 1282 791 1280 791 1279 791 1224 808 1149 802 1148 802 1147 802 1096 816 1096 818 809 831 812 875"/></Shape>
	    <String CONTENT="conivar le citonen benoit au Septeutiion par"
                    HPOS="809"
                    VPOS="710"
                    WIDTH="2141"
                    HEIGHT="182"
                    WC="0.9759272255680778"></String>
          </TextLine>
          <TextLine ID="eSc_line_94ebe723"
                    TAGREFS="LT319"
                    BASELINE="823 992 997 983 1076 966 1811 914 2638 870 2969 862" 
                    HPOS="819"
                    VPOS="812"
                    WIDTH="2150"
                    HEIGHT="197">
            <Shape><Polygon POINTS="823 992 823 1009 1268 984 1269 984 1273 983 1306 968 1357 976 1359 976 1360 976 1400 962 1443 966 1444 966 1446 966 1483 953 1762 937 1846 946 1848 946 1849 946 1886 929 1932 928 1963 936 1965 936 1966 936 1968 936 1998 926 2043 935 2056 936 2057 936 2058 936 2071 932 2093 926 2114 931 2134 933 2136 933 2137 933 2153 928 2192 911 2282 907 2348 915 2364 917 2366 917 2397 913 2494 896 2531 903 2549 907 2550 907 2582 900 2631 889 2666 895 2696 900 2697 900 2699 900 2717 892 2726 886 2967 875 2969 862 2963 823 2721 835 2658 818 2656 818 2580 812 2579 812 2512 826 2444 818 2443 818 2341 841 2305 831 2304 831 2302 831 2301 831 2268 845 2165 834 2163 834 1897 849 1736 859 1735 859 1614 900 1524 882 1523 882 1521 882 1448 902 1388 897 1386 897 1385 897 1334 918 1334 919 1125 931 1123 931 1063 926 1061 926 1060 926 1030 936 981 922 980 922 979 922 977 922 926 943 819 948 823 992"/></Shape>
	    <String CONTENT="les even in tert et broca et a locident par"
                    HPOS="819"
                    VPOS="812"
                    WIDTH="2150"
                    HEIGHT="197"
                    WC="0.9958196906156318"></String>
          </TextLine>
          <TextLine ID="eSc_line_0c5729d7"
                    TAGREFS="LT319"
                    BASELINE="823 1122 1017 1110" 
                    HPOS="820"
                    VPOS="1068"
                    WIDTH="197"
                    HEIGHT="84">
            <Shape><Polygon POINTS="823 1122 824 1152 863 1152 864 1152 866 1152 873 1145 893 1129 939 1133 951 1134 953 1134 1016 1119 1017 1110 1015 1076 988 1070 987 1070 986 1070 984 1070 953 1081 951 1081 937 1068 936 1068 935 1068 933 1068 899 1070 897 1070 896 1070 873 1085 820 1089 823 1122"/></Shape>
	    <String CONTENT="cha."
                    HPOS="820"
                    VPOS="1068"
                    WIDTH="197"
                    HEIGHT="84"
                    WC="0.9995024800300598"></String>
          </TextLine>
          <TextLine ID="eSc_line_77c518a3"
                    TAGREFS="LT319"
                    BASELINE="1048 1086 1377 1059 1557 1052 1751 1031 1943 1024 2264 998 2962 966" 
                    HPOS="1045"
                    VPOS="917"
                    WIDTH="1917"
                    HEIGHT="190">
            <Shape><Polygon POINTS="1048 1097 1108 1107 1110 1107 1111 1107 1163 1090 1170 1089 1176 1090 1211 1101 1213 1101 1214 1101 1284 1097 1286 1097 1338 1081 1370 1070 1410 1068 1435 1075 1473 1086 1475 1086 1476 1086 1528 1083 1530 1083 1582 1065 1590 1064 1596 1065 1623 1072 1625 1072 1626 1072 1627 1072 1649 1063 1655 1060 1673 1061 1707 1063 1709 1063 1710 1063 1724 1057 1750 1048 1892 1041 1919 1046 1973 1057 1974 1057 2228 1043 2269 1041 2271 1041 2306 1023 2319 1017 2350 1021 2395 1026 2396 1026 2462 1015 2470 1013 2473 1013 2499 1021 2501 1021 2502 1021 2556 1012 2625 1013 2626 1013 2627 1013 2651 1003 2667 997 2699 1001 2731 1003 2732 1003 2762 997 2790 990 2808 994 2843 1003 2845 1003 2846 1003 2848 1003 2910 988 2936 981 2959 984 2962 966 2956 935 2916 935 2850 917 2849 917 2848 917 2768 922 2766 922 2702 939 2641 929 2640 929 2638 929 2542 955 2535 958 2495 958 2434 958 2346 946 2345 946 2344 946 2315 957 2297 950 2295 950 2294 950 2221 953 2087 977 2009 965 2008 965 2006 965 1979 977 1771 979 1769 979 1721 998 1717 999 1710 998 1689 995 1688 995 1687 995 1670 1001 1644 1010 1444 1020 1402 1015 1377 1012 1375 1012 1351 1017 1302 1030 1115 1039 1045 1034 1048 1086 1048 1097"/></Shape>
	    <String CONTENT="e ainsi quil el raporte an contrait reqe"
                    HPOS="1045"
                    VPOS="917"
                    WIDTH="1917"
                    HEIGHT="190"
                    WC="0.9691784158349037"></String>
          </TextLine>
          <TextLine ID="eSc_line_4616f58b"
                    TAGREFS="LT319"
                    BASELINE="701 1257 787 1253" 
                    HPOS="698"
                    VPOS="1206"
                    WIDTH="89"
                    HEIGHT="83">
            <Shape><Polygon POINTS="698 1206 701 1257 701 1282 786 1289 787 1253 785 1211 699 1206 698 1206"/></Shape>
	    <String CONTENT=""
                    HPOS="698"
                    VPOS="1206"
                    WIDTH="89"
                    HEIGHT="83"></String>
          </TextLine>
          <TextLine ID="eSc_line_0c955ffc"
                    TAGREFS="LT319"
                    BASELINE="848 1235 1034 1220" 
                    HPOS="845"
                    VPOS="1178"
                    WIDTH="189"
                    HEIGHT="83">
            <Shape><Polygon POINTS="848 1235 849 1261 906 1261 907 1261 908 1261 908 1260 918 1251 935 1236 964 1242 965 1242 966 1242 987 1232 1032 1232 1034 1220 1030 1178 948 1198 932 1194 914 1188 913 1188 911 1188 910 1188 886 1198 869 1191 867 1191 866 1191 864 1191 863 1191 845 1203 848 1235"/></Shape>
	    <String CONTENT="aener"
                    HPOS="845"
                    VPOS="1178"
                    WIDTH="189"
                    HEIGHT="83"
                    WC="0.9685072064399719"></String>
          </TextLine>
          <TextLine ID="eSc_line_ce635735"
                    TAGREFS="LT319"
                    BASELINE="1052 1194 1388 1176 1844 1138 2540 1101 2974 1071" 
                    HPOS="1048"
                    VPOS="1021"
                    WIDTH="1926"
                    HEIGHT="207">
            <Shape><Polygon POINTS="1052 1194 1053 1228 1276 1216 1278 1216 1289 1213 1315 1206 1371 1207 1407 1207 1408 1207 1410 1207 1426 1203 1499 1183 1560 1189 1561 1189 1563 1189 1596 1180 1623 1188 1625 1188 1626 1188 1627 1188 1676 1172 1716 1183 1729 1185 1731 1185 1732 1185 1733 1185 1760 1178 1820 1163 1921 1167 2003 1170 2005 1170 2092 1165 2093 1165 2119 1152 2142 1141 2385 1127 2452 1129 2528 1130 2529 1130 2531 1130 2552 1122 2561 1118 2596 1118 2682 1121 2684 1121 2737 1108 2757 1103 2974 1090 2974 1071 2967 1021 2908 1037 2835 1030 2834 1030 2832 1030 2830 1030 2743 1045 2602 1045 2601 1045 2600 1045 2558 1065 2434 1074 2390 1074 2349 1060 2348 1060 2346 1060 2260 1065 2258 1065 2165 1086 2042 1079 2041 1079 1816 1111 1710 1107 1709 1107 1707 1107 1693 1114 1621 1105 1619 1105 1618 1105 1568 1127 1508 1130 1385 1130 1384 1130 1382 1130 1349 1140 1253 1140 1251 1140 1198 1149 1048 1141 1052 1194"/></Shape>
	    <String CONTENT="soseu donaud qui en a retenie minutes et"
                    HPOS="1048"
                    VPOS="1021"
                    WIDTH="1926"
                    HEIGHT="207"
                    WC="0.9808690264821053"></String>
          </TextLine>
          <TextLine ID="eSc_line_d267269e"
                    TAGREFS="LT319"
                    BASELINE="707 1351 966 1329 1194 1300 1647 1272 2165 1222 2531 1209 2799 1180 2992 1174" 
                    HPOS="703"
                    VPOS="1127"
                    WIDTH="2289"
                    HEIGHT="244">
            <Shape><Polygon POINTS="707 1351 709 1371 804 1356 864 1360 891 1362 892 1362 893 1362 906 1357 931 1348 986 1351 1032 1352 1034 1352 1035 1352 1067 1344 1108 1333 1187 1334 1258 1334 1260 1334 1374 1324 1375 1324 1395 1316 1402 1313 1425 1313 1499 1316 1501 1316 1716 1300 1789 1283 1805 1280 1819 1280 1888 1286 1889 1286 1890 1286 1939 1271 1968 1261 2180 1246 2204 1249 2264 1257 2265 1257 2266 1257 2309 1240 2323 1235 2344 1238 2411 1246 2412 1246 2518 1238 2688 1209 2699 1206 2992 1183 2992 1174 2987 1127 2826 1144 2801 1141 2751 1136 2750 1136 2748 1136 2717 1148 2702 1155 2642 1159 2620 1156 2587 1151 2586 1151 2518 1165 2499 1167 2484 1167 2412 1162 2411 1162 2410 1162 2371 1176 2355 1181 2328 1180 2287 1176 2286 1176 2284 1176 2250 1185 2229 1191 2213 1188 2165 1181 2163 1181 1930 1199 1835 1218 1833 1218 1830 1218 1699 1217 1698 1217 1497 1240 1447 1236 1446 1236 1304 1261 1283 1264 1267 1264 1143 1260 1141 1260 1023 1283 1013 1286 835 1298 833 1298 805 1291 804 1291 802 1291 801 1291 768 1304 765 1305 703 1308 707 1351"/></Shape>
	    <String CONTENT="Son en here notaires en cate isle le ciny lantien mi"
                    HPOS="703"
                    VPOS="1127"
                    WIDTH="2289"
                    HEIGHT="244"
                    WC="0.9728929251432419"></String>
          </TextLine>
          <TextLine ID="eSc_line_8bbdf7b8"
                    TAGREFS="LT319"
                    BASELINE="710 1463 1085 1428 1546 1399 1932 1360 2122 1352 2392 1326 2750 1311" 
                    HPOS="706"
                    VPOS="1254"
                    WIDTH="2044"
                    HEIGHT="230">
            <Shape><Polygon POINTS="710 1463 713 1484 859 1479 860 1479 877 1473 899 1465 925 1469 929 1469 931 1469 932 1469 935 1468 973 1451 1097 1443 1149 1452 1170 1455 1172 1455 1264 1448 1265 1448 1279 1443 1306 1430 1368 1436 1378 1436 1379 1436 1381 1436 1386 1435 1429 1419 1649 1414 1757 1411 1758 1411 1769 1406 1797 1392 1884 1397 1919 1399 1921 1399 1922 1399 1943 1392 1987 1379 2041 1382 2042 1382 2043 1382 2068 1370 2126 1373 2127 1373 2129 1373 2160 1362 2359 1355 2524 1334 2571 1333 2615 1342 2630 1345 2631 1345 2750 1331 2750 1311 2746 1264 2674 1254 2673 1254 2583 1261 2582 1261 2540 1278 2490 1268 2488 1268 2487 1268 2448 1283 2363 1278 2361 1278 2360 1278 2290 1295 2257 1289 2255 1289 2192 1301 2166 1294 2165 1294 2163 1294 2162 1294 2119 1312 2116 1315 1885 1331 1877 1331 1795 1320 1794 1320 1793 1320 1703 1344 1702 1344 1656 1331 1655 1331 1654 1331 1557 1338 1556 1338 1505 1359 1501 1360 1491 1360 1357 1353 1356 1353 1324 1356 1323 1356 1283 1375 1282 1377 1272 1377 1214 1375 1213 1375 1173 1384 1122 1373 1121 1373 1119 1373 1065 1393 1063 1395 955 1402 951 1402 921 1396 919 1396 867 1408 862 1408 859 1408 818 1403 816 1403 815 1403 787 1414 786 1415 706 1419 710 1463"/></Shape>
	    <String CONTENT="sept cent quatie Vingt auze controlle le Mix"
                    HPOS="706"
                    VPOS="1254"
                    WIDTH="2044"
                    HEIGHT="230"
                    WC="0.9994683590802279"></String>
          </TextLine>
          <TextLine ID="eSc_line_a92724b6"
                    TAGREFS="LT319"
                    BASELINE="716 1581 1603 1495 1904 1472 2257 1454 2890 1404 2988 1402" 
                    HPOS="710"
                    VPOS="1344"
                    WIDTH="2278"
                    HEIGHT="264">
            <Shape><Polygon POINTS="2976 1346 2966 1344 2853 1363 2744 1363 2743 1363 2644 1382 2403 1402 2361 1392 2341 1386 2339 1386 2338 1386 2337 1386 2316 1395 2272 1414 2129 1425 2082 1415 2080 1415 2079 1415 2036 1433 1985 1437 1910 1428 1877 1424 1875 1424 1874 1424 1839 1433 1789 1447 1740 1441 1729 1440 1728 1440 1711 1443 1667 1452 1605 1451 1553 1451 1552 1451 1550 1451 1532 1458 1497 1470 1415 1466 1391 1466 1389 1466 1388 1466 1378 1470 1348 1483 1309 1476 1295 1473 1294 1473 1293 1473 1275 1479 1200 1499 1141 1499 1140 1499 1138 1499 1114 1509 1032 1498 1021 1497 1020 1497 710 1523 716 1581 717 1603 779 1608 780 1608 782 1608 811 1596 813 1594 822 1594 897 1600 899 1600 1092 1583 1093 1583 1140 1568 1192 1550 1527 1523 1589 1530 1590 1530 1592 1530 1658 1512 1782 1516 1813 1516 1815 1516 1816 1516 1824 1512 1838 1505 2028 1480 2119 1487 2134 1488 2136 1488 2265 1477 2266 1477 2276 1475 2320 1461 2353 1468 2359 1469 2360 1469 2377 1466 2408 1461 2425 1462 2461 1466 2462 1466 2550 1452 2560 1450 2585 1450 2784 1439 2786 1439 2810 1430 2837 1422 2870 1425 2871 1425 2872 1425 2915 1414 2987 1415 2988 1402 2981 1346 2976 1346"/></Shape>
	    <String CONTENT="Et de la part laditte couise hesusiette amait ac leté"
                    HPOS="710"
                    VPOS="1344"
                    WIDTH="2278"
                    HEIGHT="264"
                    WC="0.9811641697613698"></String>
          </TextLine>
          <TextLine ID="eSc_line_40b800f3"
                    TAGREFS="LT319"
                    BASELINE="714 1685 1006 1665 1262 1633 1753 1592 2688 1525 3010 1512" 
                    HPOS="710"
                    VPOS="1458"
                    WIDTH="2300"
                    HEIGHT="242">
            <Shape><Polygon POINTS="714 1685 716 1700 869 1693 870 1693 885 1688 907 1680 928 1685 942 1688 943 1688 944 1688 1074 1680 1075 1680 1107 1671 1132 1663 1228 1662 1254 1660 1256 1660 1260 1659 1284 1651 1305 1656 1327 1660 1329 1660 1377 1658 1378 1658 1413 1648 1454 1634 1509 1632 1621 1632 1725 1632 1727 1632 1728 1632 1750 1622 1773 1611 1921 1601 1987 1604 2047 1605 2049 1605 2050 1605 2069 1597 2071 1596 2078 1596 2237 1594 2239 1594 2273 1582 2295 1574 2331 1576 2385 1582 2386 1582 2429 1574 2476 1576 2477 1576 2479 1576 2507 1563 2524 1556 2651 1547 2677 1550 2731 1557 2732 1557 2819 1552 2820 1552 2870 1535 2885 1530 3010 1524 3010 1512 3005 1458 2914 1473 2877 1468 2864 1466 2863 1466 2861 1466 2850 1470 2787 1492 2732 1495 2682 1484 2660 1479 2659 1479 2582 1484 2580 1484 2553 1494 2540 1498 2527 1497 2492 1491 2491 1491 2364 1508 2133 1517 2131 1517 2093 1531 2074 1538 2024 1536 1908 1534 1907 1534 1906 1534 1863 1550 1831 1561 1791 1556 1779 1554 1778 1554 1750 1559 1678 1572 1648 1567 1590 1557 1589 1557 1587 1557 1509 1579 1475 1589 1351 1592 1217 1596 1216 1596 1191 1604 1176 1611 838 1634 833 1633 793 1622 791 1622 790 1622 789 1622 710 1643 714 1685"/></Shape>
	    <String CONTENT="deur noinr majambignes nommé la fostenie agé."
                    HPOS="710"
                    VPOS="1458"
                    WIDTH="2300"
                    HEIGHT="242"
                    WC="0.9985539529058668"></String>
          </TextLine>
          <TextLine ID="eSc_line_c13ab8c4"
                    TAGREFS="LT319"
                    BASELINE="1801 1705 2001 1682 3010 1616" 
                    HPOS="1798"
                    VPOS="1586"
                    WIDTH="1212"
                    HEIGHT="142">
            <Shape><Polygon POINTS="1801 1705 1802 1728 1900 1722 1901 1722 1904 1721 1948 1702 1999 1711 2001 1711 2002 1711 2024 1700 2089 1700 2090 1700 2092 1700 2116 1691 2141 1700 2149 1705 2151 1705 2152 1705 2232 1700 2233 1700 2255 1691 2294 1674 2315 1685 2316 1685 2317 1685 2319 1685 2366 1670 2452 1673 2454 1673 2505 1662 2534 1667 2580 1677 2582 1677 2583 1677 2634 1659 2658 1651 2671 1655 2702 1666 2703 1666 2704 1666 2706 1666 2707 1666 2729 1651 2739 1644 2770 1643 2819 1643 2824 1643 2863 1658 2864 1658 2866 1658 2867 1658 2925 1634 2932 1630 3010 1626 3010 1616 3007 1587 2910 1594 2901 1594 2823 1586 2821 1586 2820 1586 2819 1586 2801 1597 2764 1586 2762 1586 2761 1586 2759 1586 2729 1601 2659 1593 2658 1593 2656 1593 2655 1593 2636 1605 2602 1603 2601 1603 2600 1603 2598 1603 2578 1615 2547 1601 2546 1601 2545 1601 2466 1607 2465 1607 2463 1607 2450 1616 2392 1611 2390 1611 2352 1614 2350 1614 2349 1614 2322 1634 2320 1636 2237 1640 2236 1640 2218 1633 2217 1633 2215 1633 2214 1633 2188 1643 2184 1644 2167 1644 2065 1644 2064 1644 2063 1644 2043 1654 2041 1654 2003 1637 2002 1637 2001 1637 1940 1641 1939 1641 1889 1663 1839 1648 1838 1648 1837 1648 1835 1648 1798 1667 1801 1705"/></Shape>
	    <String CONTENT="s Jean agé denteron donze"
                    HPOS="1798"
                    VPOS="1586"
                    WIDTH="1212"
                    HEIGHT="142"
                    WC="0.9962149238586426"></String>
          </TextLine>
          <TextLine ID="eSc_line_db0a352e"
                    TAGREFS="LT319"
                    BASELINE="718 1804 1368 1739 1744 1718" 
                    HPOS="714"
                    VPOS="1666"
                    WIDTH="1032"
                    HEIGHT="161">
            <Shape><Polygon POINTS="718 1804 718 1815 798 1827 800 1827 834 1823 835 1823 870 1805 880 1800 939 1795 961 1798 997 1804 998 1804 999 1804 1001 1804 1009 1795 1031 1806 1032 1806 1034 1806 1035 1806 1061 1795 1110 1798 1111 1798 1112 1798 1114 1798 1114 1797 1125 1787 1149 1795 1151 1795 1152 1795 1205 1791 1206 1791 1207 1791 1221 1780 1232 1772 1243 1779 1245 1779 1246 1779 1247 1779 1249 1779 1250 1779 1250 1777 1260 1768 1319 1762 1345 1769 1346 1769 1348 1769 1349 1769 1367 1760 1382 1769 1388 1773 1389 1773 1391 1773 1392 1773 1419 1772 1446 1766 1447 1766 1448 1766 1448 1765 1450 1764 1466 1749 1532 1742 1623 1740 1637 1750 1638 1750 1640 1750 1641 1750 1746 1743 1744 1718 1740 1678 1689 1666 1688 1666 1687 1666 1685 1666 1684 1666 1666 1682 1634 1674 1633 1674 1632 1674 1630 1674 1629 1674 1621 1682 1601 1674 1600 1674 1598 1674 1548 1678 1546 1678 1510 1691 1498 1687 1497 1687 1495 1687 1494 1687 1458 1705 1452 1706 1432 1706 1268 1703 1267 1703 1265 1703 1264 1703 1246 1718 1233 1714 1232 1714 1231 1714 1229 1714 1198 1727 1189 1731 1158 1731 1081 1731 1079 1731 1078 1731 1057 1739 1049 1742 1042 1740 1017 1735 1016 1735 1015 1735 999 1742 958 1731 957 1731 955 1731 908 1735 907 1735 906 1735 906 1736 888 1754 885 1757 785 1765 779 1762 767 1757 765 1757 764 1757 714 1768 718 1804"/></Shape>
	    <String CONTENT="edeeMerasn quinze acus"
                    HPOS="714"
                    VPOS="1666"
                    WIDTH="1032"
                    HEIGHT="161"
                    WC="0.9515465823086825"></String>
          </TextLine>
          <TextLine ID="eSc_line_5e004aac"
                    TAGREFS="LT319"
                    BASELINE="725 1915 939 1899 1016 1884 1326 1850 1673 1827 2458 1760 3006 1722" 
                    HPOS="721"
                    VPOS="1682"
                    WIDTH="2285"
                    HEIGHT="248">
            <Shape><Polygon POINTS="725 1915 725 1930 831 1928 833 1928 852 1922 869 1917 882 1919 899 1922 900 1922 902 1922 921 1915 957 1904 1054 1904 1121 1904 1122 1904 1123 1904 1151 1896 1207 1878 1527 1853 1564 1862 1570 1862 1571 1862 1582 1860 1647 1842 1951 1819 1992 1824 2032 1830 2034 1830 2155 1812 2290 1809 2371 1793 2392 1789 2419 1789 2539 1789 2540 1789 2652 1768 2666 1765 2691 1765 2930 1757 3006 1738 3006 1722 3002 1682 2867 1682 2866 1682 2864 1682 2835 1693 2759 1688 2758 1688 2664 1710 2633 1717 2615 1714 2596 1711 2594 1711 2561 1718 2550 1721 2545 1720 2507 1711 2506 1711 2505 1711 2465 1727 2450 1732 2423 1731 2393 1728 2392 1728 2330 1738 2283 1746 2268 1743 2228 1736 2226 1736 2225 1736 2187 1750 2174 1754 2158 1753 2082 1743 2080 1743 1912 1757 1911 1757 1841 1776 1761 1771 1760 1771 1571 1802 1539 1806 1527 1805 1439 1795 1437 1795 1436 1795 1371 1819 1366 1820 1359 1820 1290 1808 1289 1808 1287 1808 1191 1834 1183 1835 1170 1835 1017 1830 1016 1830 1015 1830 948 1855 946 1855 940 1855 881 1849 880 1849 878 1849 844 1863 842 1864 721 1873 725 1915"/></Shape>
	    <String CONTENT="ains, ce sqnels demeurant employe a la cutture du"
                    HPOS="721"
                    VPOS="1682"
                    WIDTH="2285"
                    HEIGHT="248"
                    WC="0.9876461795398167"></String>
          </TextLine>
          <TextLine ID="eSc_line_ab71e722"
                    TAGREFS="LT319"
                    BASELINE="723 2024 782 2028 915 2019 1371 1965 1845 1932 2713 1857 2860 1839 3007 1833" 
                    HPOS="717"
                    VPOS="1776"
                    WIDTH="2290"
                    HEIGHT="271">
            <Shape><Polygon POINTS="723 2024 724 2047 914 2039 915 2039 936 2031 965 2036 966 2036 968 2036 992 2025 994 2025 1027 2031 1028 2031 1090 2016 1141 2005 1184 2007 1232 2012 1233 2012 1235 2012 1265 2001 1289 1991 1501 1973 1524 1977 1556 1984 1557 1984 1676 1974 1677 1974 1713 1961 1724 1955 1784 1954 1815 1952 1816 1952 1820 1951 1837 1944 1860 1947 1910 1954 1911 1954 2082 1939 2083 1939 2116 1923 2118 1923 2182 1918 2185 1918 2222 1926 2224 1926 2304 1919 2305 1919 2335 1904 2337 1904 2344 1904 2381 1904 2382 1904 2383 1904 2395 1899 2401 1896 2428 1896 2512 1899 2513 1899 2514 1899 2556 1885 2557 1885 2560 1885 2602 1886 2604 1886 2662 1875 2671 1874 2678 1874 2775 1878 2776 1878 2821 1874 2823 1874 2866 1857 2872 1853 3006 1844 3007 1833 2999 1776 2910 1805 2872 1798 2871 1798 2728 1801 2638 1817 2605 1811 2604 1811 2602 1811 2364 1831 2363 1831 2359 1833 2253 1863 2199 1859 2198 1859 2196 1859 2170 1871 1939 1890 1820 1885 1819 1885 1817 1885 1766 1907 1685 1912 1554 1903 1548 1903 1546 1903 1536 1904 1448 1925 1396 1917 1391 1917 1389 1917 1262 1928 1261 1928 1258 1929 1207 1952 1151 1946 1149 1946 1148 1946 1100 1965 853 1985 774 1972 771 1972 769 1972 717 1976 723 2024"/></Shape>
	    <String CONTENT="tenedu du dit citoyen bron quer vaison de ceque les"
                    HPOS="717"
                    VPOS="1776"
                    WIDTH="2290"
                    HEIGHT="271"
                    WC="0.9831598389382455"></String>
          </TextLine>
          <TextLine ID="eSc_line_1bba7c56"
                    TAGREFS="LT319"
                    BASELINE="749 2142 875 2134 1357 2080 1937 2042 2266 2002 2432 1992 2758 1955 3038 1936" 
                    HPOS="746"
                    VPOS="1901"
                    WIDTH="2292"
                    HEIGHT="259">
            <Shape><Polygon POINTS="750 2160 844 2159 845 2159 875 2151 917 2138 1012 2138 1030 2137 1052 2134 1156 2118 1184 2122 1216 2126 1217 2126 1218 2126 1258 2115 1293 2104 1509 2086 1531 2089 1564 2094 1565 2094 1677 2082 1678 2082 1709 2072 1724 2068 1754 2068 1839 2069 1841 2069 2085 2047 2195 2027 2226 2020 2284 2017 2290 2017 2327 2025 2328 2025 2414 2007 2569 2002 2571 2002 2591 1992 2634 1998 2636 1998 2637 1998 2684 1981 2688 1979 2703 1979 2896 1974 2897 1974 2948 1957 2948 1955 3038 1947 3038 1936 3034 1908 2882 1901 2881 1901 2802 1918 2761 1912 2759 1912 2549 1932 2547 1932 2458 1958 2451 1959 2445 1959 2410 1954 2408 1954 2331 1969 2316 1972 2310 1970 2257 1958 2255 1958 2103 1972 2101 1972 2034 1995 2024 1999 1857 2013 1844 2012 1791 2003 1790 2003 1789 2003 1735 2021 1720 2027 1538 2042 1521 2039 1463 2030 1462 2030 1374 2041 1373 2041 1330 2057 1319 2061 1090 2080 1075 2079 1020 2071 1019 2071 1017 2071 973 2087 955 2096 866 2103 831 2100 791 2097 790 2097 746 2108 749 2142 750 2160"/></Shape>
	    <String CONTENT="bienr cenis pa Vienneit en partie du poduit de leure"
                    HPOS="746"
                    VPOS="1901"
                    WIDTH="2292"
                    HEIGHT="259"
                    WC="0.9816308674904016"></String>
          </TextLine>
          <TextLine ID="eSc_line_c1a53f23"
                    TAGREFS="LT319"
                    BASELINE="743 2257 877 2251 1242 2210 1600 2188 1824 2160 2251 2123 2399 2103 2992 2056" 
                    HPOS="739"
                    VPOS="2006"
                    WIDTH="2253"
                    HEIGHT="269">
            <Shape><Polygon POINTS="743 2257 745 2275 1005 2254 1017 2253 1118 2233 1178 2235 1180 2235 1181 2235 1199 2225 1364 2215 1391 2220 1399 2220 1400 2220 1418 2217 1459 2207 1598 2200 1688 2195 1689 2195 1706 2191 1755 2178 1852 2178 1878 2178 1878 2177 1907 2173 2009 2156 2079 2158 2119 2158 2120 2158 2198 2147 2313 2130 2348 2133 2372 2136 2374 2136 2441 2125 2521 2111 2607 2109 2693 2108 2695 2108 2711 2101 2726 2093 2808 2092 2878 2090 2879 2090 2905 2083 2934 2076 2992 2076 2992 2056 2984 2006 2868 2016 2867 2016 2861 2017 2823 2028 2797 2023 2790 2023 2788 2023 2772 2025 2733 2035 2671 2035 2630 2036 2629 2036 2616 2041 2590 2050 2496 2052 2423 2054 2422 2054 2401 2061 2353 2076 2295 2071 2262 2068 2261 2068 2118 2080 2116 2080 2087 2090 2038 2108 1947 2108 1946 2108 1944 2108 1879 2126 1827 2119 1826 2119 1824 2119 1793 2133 1698 2127 1680 2127 1678 2127 1677 2127 1665 2131 1604 2151 1050 2198 975 2196 922 2196 921 2196 919 2196 900 2203 881 2211 848 2209 783 2203 782 2203 780 2203 739 2218 743 2257"/></Shape>
	    <String CONTENT="Ja Vour commeun, ils dle tirent qua tenont le ilen"
                    HPOS="739"
                    VPOS="2006"
                    WIDTH="2253"
                    HEIGHT="269"
                    WC="0.9818384420871734"></String>
          </TextLine>
          <TextLine ID="eSc_line_4f4fc8c4"
                    TAGREFS="LT319"
                    BASELINE="753 2370 1466 2312 1823 2272 2036 2257 2556 2198 2846 2171 2996 2163" 
                    HPOS="750"
                    VPOS="2103"
                    WIDTH="2248"
                    HEIGHT="285">
            <Shape><Polygon POINTS="753 2370 756 2388 2998 2182 2996 2163 2989 2103 2815 2119 2813 2119 2806 2122 2786 2130 2766 2126 2757 2125 2755 2125 2501 2148 2499 2148 2461 2159 2364 2185 2298 2177 2297 2177 2295 2177 2204 2206 2141 2204 2140 2204 2025 2222 1933 2215 1932 2215 1930 2215 1929 2215 1928 2215 1908 2222 1895 2220 1867 2213 1866 2213 1864 2213 1824 2226 1800 2235 1772 2232 1717 2226 1716 2226 1714 2226 1645 2246 1581 2265 1548 2266 1520 2260 1499 2254 1498 2254 1497 2254 1495 2254 1468 2265 1435 2279 1384 2282 1357 2276 1333 2272 1331 2272 1330 2272 1306 2282 1284 2291 1262 2287 1260 2287 1258 2287 1243 2288 1151 2304 1134 2301 1097 2293 1096 2293 1094 2293 1060 2309 1048 2315 961 2321 953 2320 918 2312 917 2312 915 2312 884 2327 881 2330 866 2330 783 2331 782 2331 750 2341 753 2370"/></Shape>
	    <String CONTENT="de lun deux le Sir vitant qouiilte dlu suit drceux sen"
                    HPOS="750"
                    VPOS="2103"
                    WIDTH="2248"
                    HEIGHT="285"
                    WC="0.9837734897931417"></String>
          </TextLine>
          <TextLine ID="eSc_line_68c7832c"
                    TAGREFS="LT319"
                    BASELINE="970 2465 1638 2397 2063 2370 2276 2339 2731 2301 2950 2276" 
                    HPOS="966"
                    VPOS="2249"
                    WIDTH="1984"
                    HEIGHT="227">
            <Shape><Polygon POINTS="970 2474 1064 2476 1065 2476 1067 2476 1089 2465 1265 2456 1366 2439 1367 2439 1403 2445 1404 2445 1406 2445 1429 2434 1469 2440 1470 2440 1557 2421 1559 2421 1560 2421 1659 2421 1659 2419 1660 2419 1691 2408 1692 2408 1780 2415 1782 2415 1904 2396 2013 2396 2014 2396 2243 2359 2308 2368 2309 2368 2310 2368 2370 2353 2392 2359 2393 2359 2395 2359 2396 2359 2415 2349 2637 2338 2769 2326 2770 2326 2809 2306 2950 2290 2950 2276 2945 2249 2872 2250 2871 2250 2857 2255 2848 2260 2830 2258 2788 2254 2787 2254 2786 2254 2757 2264 2735 2273 2662 2273 2644 2273 2642 2273 2626 2276 2538 2291 2488 2287 2441 2284 2440 2284 2439 2284 2408 2294 2389 2301 2371 2298 2339 2293 2338 2293 2272 2298 2271 2298 2224 2310 2167 2326 2126 2323 2125 2323 2123 2323 2104 2333 1753 2364 1702 2356 1682 2353 1681 2353 1598 2366 1528 2375 1517 2372 1509 2370 1508 2370 1506 2370 1400 2379 1399 2379 1384 2383 1340 2397 1318 2389 1315 2389 1313 2389 1312 2389 1251 2393 1250 2393 1238 2396 1161 2421 1031 2432 966 2421 970 2465 970 2474"/></Shape>
	    <String CONTENT="lois etre Tralible ni niqniete par qui que ce"
                    HPOS="966"
                    VPOS="2249"
                    WIDTH="1984"
                    HEIGHT="227"
                    WC="0.9840916328959994"></String>
          </TextLine>
          <TextLine ID="eSc_line_9751abfc"
                    TAGREFS="LT319"
                    BASELINE="2144 2469 2799 2403 2984 2392" 
                    HPOS="2140"
                    VPOS="2341"
                    WIDTH="844"
                    HEIGHT="136">
            <Shape><Polygon POINTS="2144 2469 2144 2477 2156 2477 2170 2477 2184 2477 2193 2477 2258 2472 2260 2472 2266 2477 2268 2477 2279 2477 2309 2467 2317 2465 2322 2466 2356 2476 2357 2476 2359 2476 2360 2476 2399 2463 2426 2469 2428 2469 2429 2469 2430 2469 2445 2456 2494 2458 2495 2458 2496 2458 2498 2458 2509 2450 2509 2448 2510 2448 2538 2458 2539 2458 2540 2458 2542 2458 2600 2441 2604 2440 2608 2440 2653 2447 2655 2447 2726 2432 2746 2437 2747 2437 2748 2437 2750 2437 2772 2425 2783 2419 2795 2423 2817 2429 2819 2429 2820 2429 2821 2429 2839 2419 2853 2411 2882 2410 2890 2414 2905 2422 2907 2422 2908 2422 2910 2422 2941 2410 2948 2407 2951 2408 2959 2415 2961 2415 2962 2415 2963 2415 2965 2415 2984 2406 2984 2392 2977 2344 2959 2352 2943 2348 2921 2341 2919 2341 2918 2341 2916 2341 2915 2341 2900 2352 2882 2364 2766 2375 2758 2370 2757 2370 2755 2370 2754 2370 2753 2370 2722 2379 2711 2372 2696 2363 2695 2363 2693 2363 2692 2363 2538 2379 2536 2379 2506 2396 2495 2401 2466 2400 2455 2400 2444 2390 2444 2389 2443 2389 2441 2389 2440 2389 2399 2392 2397 2392 2396 2392 2377 2410 2359 2412 2313 2419 2305 2418 2244 2407 2243 2407 2242 2407 2240 2407 2209 2429 2207 2430 2140 2436 2144 2469"/></Shape>
	    <String CONTENT="nés eprcifie ; en"
                    HPOS="2140"
                    VPOS="2341"
                    WIDTH="844"
                    HEIGHT="136"
                    WC="0.9899978076710421"></String>
          </TextLine>
        </TextBlock>
        <TextBlock HPOS="2417"
                   VPOS="49"
                   WIDTH="213"
                   HEIGHT="98"
                   ID="eSc_textblock_78269d40"
                   TAGREFS="BT444">
          <Shape><Polygon POINTS="2491 49 2625 60 2630 108 2461 147 2417 114 2417 71 2491 49"/></Shape>
          <TextLine ID="eSc_line_ad12cd36"
                    TAGREFS="LT319"
                    BASELINE="2423 108 2569 110" 
                    HPOS="2422"
                    VPOS="59"
                    WIDTH="147"
                    HEIGHT="102">
            <Shape><Polygon POINTS="2423 108 2422 154 2567 161 2569 110 2568 59 2543 59 2542 59 2540 59 2539 59 2538 60 2520 74 2499 74 2485 63 2484 61 2483 61 2481 61 2480 61 2479 61 2473 64 2459 71 2423 68 2423 108"/></Shape>
	    <String CONTENT="4 14"
                    HPOS="2422"
                    VPOS="59"
                    WIDTH="147"
                    HEIGHT="102"
                    WC="0.9237623661756516"></String>
          </TextLine>
        </TextBlock>
        <TextBlock HPOS="325"
                   VPOS="225"
                   WIDTH="180"
                   HEIGHT="71"
                   ID="eSc_textblock_19696c38"
                   TAGREFS="BT444">
          <Shape><Polygon POINTS="382 225 472 242 505 268 461 296 330 285 325 242 382 225"/></Shape>
        </TextBlock>
        <TextBlock HPOS="2670"
                   VPOS="66"
                   WIDTH="10"
                   HEIGHT="9"
                   ID="eSc_textblock_65953466"
                   TAGREFS="BT444">
          <Shape><Polygon POINTS="2674 66 2680 66 2680 75 2670 70 2674 66"/></Shape>
        </TextBlock>
        <TextBlock HPOS="3100"
                   VPOS="2412"
                   WIDTH="15"
                   HEIGHT="21"
                   ID="eSc_textblock_6927d66f"
                   TAGREFS="BT444">
          <Shape><Polygon POINTS="3109 2412 3115 2433 3100 2433 3100 2418 3109 2412"/></Shape>
        </TextBlock>
      </PrintSpace>
    </Page>
  </Layout>
</alto>
