2479 2600
509 10 1919 177 che par tagene Galement esche Ses tesituir e. lepl

2390 156 58 41 0

508 158 1904 149 tout cequi pouna reston de la Succe sion arèse

2364 278 52 49 3

512 294 1847 130 Ses quteutions e. legu reneplin, nie cnconleques

499 424 1803 103 Son eveciteur leltumentaire aussi set aprèss contiste

495 538 1781 109 de la ditte Succe Bien de faire par leui e Ser dits

2318 583 42 48 3

481 660 1930 114 pareuts ce M. peuriese Somme dle quinze mille

2354 654 10 59 1

475 774 1772 115 lites Se levureanstance de la quene ac tuilley

479 858 1214 128 metteut pourt. dobs suile

2337 807 22 82 1

473 979 1715 170 E poer Eveniter et accomplir le prelent. testamen

463 1076 1722 187 il nomme le ci toyen galeph marie le barbiiee

470 1184 1712 196 nalitaut de ce cnnton Sonandt lequel il par

463 1289 1654 178 Voulam Sen Mharqea Se de sesitilant enhu sa

462 1383 1637 182 mains de tout Ses bienss Sui tant. et an desir de la

447 1471 1643 206 contume et pour lindemenser des penne M. Soini

433 1571 1657 220 quil. Se dona pour remplier. Ses qn tentionmil le

431 1675 1643 199 prie doccmpter a litre de legu une Somme de mille

437 1762 1624 195 Eu monnoye, de lisle danze con les ho dargen l au

436 1873 1616 207 uillee a ragont aubsi varqeest. Sa mocctie don a Veu

426 1954 1600 202 Se hanse les brelogne et lecathet portant Son

407 2032 1592 205 chiffe le tout auticmor cinsique ea Jucrent

401 2116 1562 198 re Voquante ledit lestatenr tout lestemmante et codicile

2 570 28 64 4
