2592 2479
330 1 416 69 de ovit aéza

450 1 884 161 jedeclarn moi jau Bapteste on

316 1 2203 266 nes presentes Dispositions la personne du cctoyn de couteur an Maprene on

316 17 2267 356 habitant Demeurant au lien di pleen bois auquel je fair léistante priere de fairx

315 158 2267 297 acceptation pour me donner la dunure preuve de don estieur et de son a llaclieurer

316 283 2264 244 me desaisihsant en ser manns etn aucas de mort de tous nes biens conformiemen

316 385 1955 255 aux contumer et réglements pour en faire lecmploi cy devain indiqué.

424 510 2132 178 aucoi feur fait eur Deité par le dit jan Baptiste dies grand pard' au nolaire

309 599 2254 197 Soussigné en préoenme des ctogens jan Baptide leurt Roumant en jeau Baptexe

322 683 2242 216 quillemns habitants Demeurants Separemenrs dies dits quarlier en paroisse notie

309 783 2255 203 dame du grand portd, temons pour ce reques ctotrans portés en par led notaire

320 889 2244 190 présents les dits temonns donné letture un emot après lautre au dis teslateur de

325 969 2251 203 Ser proeutes Dispositions qu'il a dit bien entendre ces comprendre en contemr en tout

338 1060 2203 207 pouits Se Dispositions de dernon et libre polonté, dans lequelles it a declaré

337 1165 2219 192 persistér, auccullant. toutes déspositions auterieure aux presentes qui seuiles au

330 1246 2242 217 car de Sa mort dovet etre execulées pomtuellement, requerant aete qui lui a

322 1437 318 87 été oitroy.

406 1417 2158 161 loie le passé en un den Brevets Sur la requisitionn deu dit Cestateier Sur les lieu

327 1506 2247 165 cn deyant designés, lan denxieure de la republique farmaise le vingn deux mat

319 1593 2260 164 mil Seper cent quatre vingiotrigd de releyer en ons les dits Lenot en quelleus Sequeis

318 1681 2257 157 avec poyer notaire desdit, non le dus jean Baptiste dit grandjean qui a declaré de Sazoir

316 1758 2258 163 cuire ni dequer de ce cuquis deivant tordonnaner après Lectierd à lei faite de drpan

326 1833 2213 174 des présentes dis pos étions dans lesquelles il a déclaré presister, ainsi ségnt suos

344 1910 2236 182 Loriqinal quelleuen, leen Romant en pB loussatt; en Marge estoceait controllé a

347 1987 2160 209 portr Louis ile de France le vinge cinqunai mil Se procent quatre ngisteiz lais

344 2069 1913 206 deuxieme de la republique franaise Recnt quarante Sols Siqul Servier.

424 2149 2136 200 Collationné par emoi Seontaire greffier du tribunal de paix du quarlier du pou

347 2236 2154 200 S. Tile de france, Soufsigné conforme au breyees oriqenal a epé au proces yecbil

746 2310 1810 167 Siellés fait après dces du citoyen den conteur jean bapteste grand jean le

1582 2397 959 80 teste Male ct reqperant en du qualile
