2479 2733
663 1 1662 281 jui lestemoins a le notaire aui Signé Bombard selle

1353 1 29 50 1

1432 1 939 164 fancaise aà le di tettateur Sige

2264 6 46 53 2e

2366 13 14 81 8

1421 247 927 146 Euregstre tai mir commis qu

1395 315 970 190 da Aibunal de Peniere Jnstane edt

1365 420 1004 199 Hem Sansigné Sur vexpeditn

1398 531 1029 175 re presente tre CJnstant aududa Ri

1383 628 301 94 faite Sur

1494 734 330 110 aulon Louis

1670 665 769 159 Veelui du Rresem enregistrement

1379 810 340 113 La republique

1740 879 644 97 Racaiss le Vinge qale

1847 788 566 103 Jle defance lan gen

1373 917 1037 142 Jan mil sepi ceuu quatre Vingt traze

662 1202 1754 97 Lardetant moi Jean bapliste toustannt notaire

671 1333 1777 83 publie evercant eans le resort de la nimimoipali

665 1416 1771 120 du grand port paraisite notie dame dle lible de

650 1516 1794 132 hance et les temoine ci aprés nommés Soussignée

650 1606 1787 155 frent neleute le er hyen fancoi le loi halitent

657 1726 1779 146 at la nommée conite heuriette negresse nidienue

654 1832 1670 155 affranchie du estogen de mui, demenrante.

650 1932 1768 157 Se pereprent an lien dit la mune delbert dle pendent

651 2055 1243 125 des dit quartien et persisie

642 2133 1758 152 le Aqnele ont dit que platient annécs ile la Vaille

645 2221 1729 156 en Sooisté des benefiur de lagnelle ile se Susint.

636 2321 1747 173 prociesé quelques aisones pan lacqne li tiou par ticutien

644 2411 1725 162 quile ont fait ses tons lui le roi deune terrem dhalitate

647 2511 1716 121 de las convistance; den Viron tiente noux arpents Sui.
