3133 2479
140 227 548 117 aomt 1793.

90 331 558 113 Vistament du c^e

796 329 2166 190 Pardevant Le Notaire Sublie Su Canton

66 443 684 183 afrien pierre Secodres

822 498 550 131 des dample monne

1443 502 1459 161 Jsle de France y demeurant de les temoins

825 621 2064 186 Cy après nemunes ce Soussignés sun Presine le Ciliyen Adrien

783 736 2081 199 Pierre le Cordur Garde Magazin d l'Etai a l'arsenne de

3065 811 62 85 tit

811 856 1973 211 La Baye aux tecluis y dem^t paro ne S^t Franceis denes une maisin

830 976 2206 219 Dépendant du d Etablissement de la Basye aux tatues on le dit

845 1107 1882 165 Notaire et temoins se sout Exprès leausporte a la Requitition

852 1224 1718 144 Etant dans sou Let dis en la ditte maiton malade de Cop

2747 1199 208 125 Lequel

852 1326 2176 168 Neanmoins Sain d'Esprit memoire et entendement autsi qu il est apparie

2612 1316 235 81 mars

873 1422 2221 138 audit notaire et aux dits temoins soustignes pre ses paroles et action

883 1535 2141 123 dans la vue de la mort fraignant den état prevclu rvant d'avoir

872 1630 2211 110 Mais oire a ses affaire à fait dicté et nomsse le present fentistament

872 1725 2189 114 &ordonnance de desmiure vplonté qu'il vent et enterd etre Executée

870 1828 2210 108 avres sa mort de la mannse et aensi qu'il suit ; premcerement Comme

905 1922 2196 119 lhrestien Catholiqne et portolique et Romain il Recomande Jon

879 2023 2141 144 ame à Dieu Suppteant sa devine Majesté de lui frt méscricorde

883 2136 2200 158 et de lui pardonner ses fante secondement J2 declare etre ne

881 2260 2227 161 a vulmont pays de ceux diouse de Rouen fils l'adrucy Le codur

1425 2366 1141 111 heine prurd ses pere et meri

2707 183 19 70 6
