2483 2817
106 56 30 64 4

580 6 1899 130 de srant sen laissen des penles Jls ee fant pauer.

583 79 1895 132 neseutes donnation une suille ine voroble au Sen Vi Vont

583 165 1896 138 deur a ampte pan le dit Sen sitant de tous siens mentle

574 237 1905 144 quemenbar acquels conque le et nopres appor tenant en peinue

579 327 1900 123 moumant aujour de son decer poiunsen Joiir parr le dit

580 410 1899 131 surti tant en toute popriete a compteu dud^t loune

568 500 1911 138 la pesente donnation naura lien toutefoirqustont.

569 588 1910 144 quen peur du dit deces Maie auroit paint ilenfanteut

569 679 1907 136 on a maitre lu futeur marige en con densant nest.

566 790 1912 116 conzeue que Sices enfant tenoient a deci den par la

565 884 1914 103 suitte en misirte sont hour legitime on Sans Noiis

560 964 1919 115 Nalablement disposé la pesente sonation rependes ala

563 1054 1915 111 sa foci et lestiu comme Sil ne toit poiit Survenue.

557 1176 504 76 de ce faine.

554 1256 1924 93 et pour faire qusineer as presentes en beloint Set cer.

551 1345 1924 96 vartier out fait et constetue le poesent le porteur.

546 1422 1066 114 devpede lion des pesentes.

540 1549 638 117 car ain le &..

1183 1638 1296 96 Eenegithé par moi eumis qreffrece qurt du

1174 1719 1296 93 hibunal de preniere Qnstance de la colonare

1185 1798 1285 95 iole de france Son signé dun lexpeditiene

1182 1878 1275 89 moi repesinte et a civettant rendce apa

1180 1962 1273 95 mentéon faite Sur icelur du prescent.

1178 2054 719 83 nregistement.

1174 2122 1305 103 ceyent conisisle de france lan denviime de la

1172 2203 1304 113 repeubligne fangaise le quinze Gesille tessil

1169 2286 989 128 Sept cent quatre Vingt teire

147 1787 98 44 20

263 1785 25 44 2

165 1815 155 73 Lai de

170 1865 171 75 Vingt e

156 1926 215 74 et Les

159 1987 241 77 Serviir qu

183 2054 217 163 Vonbant

98 2275 58 44 1
