3508 1946
14 690 35 50 det

5 1030 39 43 d

45 1288 18 39 4

10 1618 45 93 4

6 1884 27 56 4

1758 35 1744 121 rminome de lesn laptisté et la nommée penin

1754 102 1749 143 ser pese et mere ansti libre lodite monnette.

3395 212 94 59 —

1751 204 1631 139 relidant a lec ses dites pere et men au

1754 264 1737 183 quartierr de Flacq paroilre S^ Julicn Nepala

1756 356 1617 176 Mendu Sa minosité sonr lan toité es.

1760 436 1742 186 a Mistaices de ees detes pere et mesne en sun

1758 507 1652 209 nom et pour elle dantre parte cedit.

2733 584 760 143 u Stée de Vant cent.

1756 697 885 124 contraet de manag

1757 691 1745 232 pelte no faire pubein le Vingt oe solie mile

1759 778 1743 260 sept cent quattie ingt rneul contion

3244 902 256 88 a gret.

1754 1024 348 116 ce Ving

2145 915 1080 182 fquatre aété ex trait

1768 1139 272 95 Su A.

931 1194 2533 198 et vour la bonne ance lie ane se por teut les fu varsep

911 1288 2487 200 de leracet seu laistea des pentes gloee fant par cer.

924 1367 2577 230 pneseutes durnation un tuille eme vorobte an Sir Vilant

926 1483 2573 212 deur a accepte pan ce dit Sin tivant de tous vuns meubles

3178 1587 318 69 la en presenn

931 1602 2235 201 qurmeubes acquels conque la et propres appar tenan

932 1699 2571 195 monsant aujour de son decer pocinr en Joniee pars le dit

1648 1816 1851 128 toute prorie te a canteur du d^ Conne

0 894 91 54 100
