2479 2808
458 1 540 91 fecretuird et de

2046 1 141 50 Lequ

411 1 1603 176 Lors de sou dlcis ; les deux mille Levir cy ao

458 40 1718 222 peclives Moy ennant qu'il se Charyera Comme il la

435 131 1736 241 aud testateur en particulier, du soin, de le ducation de l'un

447 226 1723 257 dousrilure et Lopment des Nomme Pierre lubes

444 338 1746 234 adelaide toustaint Noil, et Francoise Churlotte de nonne

450 449 1735 237 cy dessus Jusquel ce qu'els puissent se suffire peuxme

447 566 1743 214 et qu'il leur fera apprendre à chacuy un mêtier; et don

449 667 1739 222 Cat ou ces claute det conditiondue servient fos fen

477 776 1691 231 ge veux et entend qu'il soit teme de Remettretont de

460 892 1738 218 Comptant qu'il pourrr écévoir, aux dits Piendi

455 1004 1730 223 Marie a delaide, oustant Noil et francoise chute

525 1143 1654 176 pour qar eux ou les personnes qui sourront cre

464 1249 1718 186 Charyéer de gouvermer eux et leur Biens, êt empt

472 1410 699 125 a leurd Besoine.

639 1496 1548 145 Je pue aussi le dit Citoyen Besbiulins, moy ou

497 1581 1690 175 douloir bien fuire dert une messte grour mot Los.

447 1687 1726 166 deces, et une autre au Bout de lan pour le fatut de

452 1861 225 73 anie.

599 1904 1567 148 Et pour Exeeuter et accomplis le present ton tesin

432 1999 1744 169 il Nomme la personne dud pierre Louis Deu Diu

2156 2116 10 46 1

427 2107 1677 159 Lequel il prie de voutoir sen charget, entre less mai

435 2187 1725 171 il se dissaiti de tous ses Biens Suivant la Contunel

430 2296 1719 176 Revoyuant tous testaments et codicile qu'il aurait

439 2400 1664 195 anterreumb au prevent testament, auquel seul il
