2479 3508
853 1 953 139 en port comisivle de pu

845 9 1517 250 de la re peubligne franpoite a Vingt

847 130 1466 236 e plertes. uil Sep secns. quatie

849 350 534 127 Mingt. Ni 71.

1531 362 343 189 Ve Morlet

116 658 2203 197 Las de Vant le no toui denor a lisle de france etles tun

144 779 2157 207 coy a pur namene se se Begnes fus pe lente lamu

134 896 2173 224 toines. m a laborde lenle Sans enfan e defunt

134 1056 2150 199 prêne conca noiu malasard bibre, le laut.

140 1190 2142 207 Noilin cmpliije a la loilesie duror lece l olu

150 1323 2151 216 layuelle etante dons Son lit sien un apportes

167 1469 2134 189 de peredant. doune mailon je hour en tenmanax

169 1613 2126 160 des malabord malade de cone nicir nmanmoinr

169 1736 2136 158 Saine de Epit memoire et en teudement ainirqe

181 1859 2112 161 eM appee aus dit notaine e temoins denilit

185 1997 2103 144 de la mort craiqnant denehe pe teun a faut

183 2122 2093 156 dla loi ncie oedre a Ses affoirer a fait des le et

181 2260 2103 127 nomeit le pellens Son sestament. Iordonns

185 2356 2062 167 de de Vui de Rolonts quelle rent. et enteud. etu

185 2498 2089 148 evecrteu aper sa mori. de la moniere et acnner quele

181 2679 542 92 Sent.

155 2738 2131 167 Donne Er legue lad^t le satuie tomslis bienquelle

181 2870 2097 152 palle de en cette qle lant en maubler quinmenblevent

181 3005 2089 136 nommér Jesnne et perrine enfans etleus den marispuu

189 3112 2073 138 decnhe le n^ Gacquer creol malabon et. luison et
