2833 2479
640 82 2051 146 aio si quil Mr apparee aur dits notaire et. temoins pour le

634 159 2030 177 varoles Gestes, macuntien e actionr ; lequel a regene le

650 247 2019 179 de I nofaire de lesi faire lechun de Son restement

636 360 2017 168 Sa lemnil receu par leci le hunte aont demier, en

637 429 2040 203 ynayant fait enperesenre des dits temoins audit. eitoyen

637 494 2040 223 Mhanasquil a det. a Voin bien en heuder, a declore que Son¬

636 568 2022 241 qu heution etait. des faire les Mangementiy a per quile

636 655 2019 242 die Ré. A. Nocuiné, a cedit na hire en pere lence des dit.

2200 797 469 111 fais. a a fois

633 713 2020 284 temoins enfonne de cadicile ainsi qiil. Scest. Sa Voi

637 871 1460 215 Vuss et enteud ce dit. te Platene. le le

630 873 2023 330 comprenant la Somme de quin pemille le vur e le

2518 1061 119 69 hou

633 968 2033 330 Secsplus dle la Succesion aper ser in lentione et y

632 1108 1816 259 rempelin Sois. e f elemeure uil et comime non

633 1245 1646 225 alace duquel il Scbstitiue celearei a per.

626 1457 451 121 Donne e.

1082 1280 1581 255 ceque le dit. Testateura marie, fançoise

629 1374 2038 291 Mames. Sa Secir et. Su maroinne anarli enfeut

633 1490 2037 257 cncon de cléces len deur Hin deceqni reslia de la

629 1640 1482 202 Sucusion apres ser legn péletes.

617 1691 2056 257 Aanne e. Regneaur heitiers de sen Ratanne

636 1800 2031 252 Charma Sonfere lantat Tieis dine sant. de la

629 2014 892 145 dite Succe sion.

614 2006 2050 269 Jece S et en teur ledit Tes la tenr qu'ansi tot

622 2119 2071 247 aprer su mort sela querre ac tuillee s siisison le

621 2236 2053 231 na des Voyer eures porie a in leu enfrance ques

1530 2335 1150 142 e mentaire fa sse par renison

100 2331 36 33 1
