2412 3048
60 248 283 104 2 6 may 1794

27 378 321 104 Testament de

45 477 464 147 Joachim Gré invalide

409 535 76 115 f^e

472 21 1902 334 Par devant Le notaire publiv au Canton des Pamplemousses

599 228 1697 224 Jsle de France y demeurant assisté des Temoins ci aprés nommés et

604 325 1701 221 Soussignés fut present Joachim Gré Jnvalide et habitant demeurant

591 408 1699 221 ordinairement sur son établissement Situé au piton Canton susdit ou ledit

589 519 1677 205 Nolaire Sest exprés transporté a sa requisition avec lesdits Temoins

604 621 1614 201 Lequel etant dans son Lit malade mais neanmoins Sain desprit

592 714 1692 210 Memoire et entendement ainsi quil est apparu aux Susdits Notaires

586 875 914 147 et Temoins par ses paroles et actions

741 926 1518 198 Lequel Voulant arranger ses affaires a fait dicté et

603 1027 1609 190 Nommé audit Notaire en presence desdits Temoins Ses dernieres

596 1134 1624 180 Volontés ainsi qu'il Suit qu'il veut et entend etre executée apres

586 1327 249 83 Sa mort

692 1334 1581 182 Premierement Je declare affranchir par le present mon

592 1419 1682 159 Testamment le nommé Louis Creole mulatre agé de dix huit ans

587 1520 1687 163 Mon esclave, Je prie mon executeur Testamentaire Ciaprés de Confirmer

575 1632 1677 159 La dite Liberté par qui de droit aussitot apres mon deces, et pour

577 1699 1679 191 eviter qu'il ne soit a Charge a la Colonie, Je lui donne La no^ée

575 1810 1731 177 Marielle de Caste Malgache agée denviron trente six ans esclave

575 1981 649 115 Depuis mappartenant

671 2021 1590 184 Secondemant Je donne au citoyen Jean gout mon ami la

609 2128 1621 185 quirucile de six cent de Ris et Six de maïs et dans le cas ou il

599 2241 1701 155 Ne pourroit Lui etre fourni en matiere il lui Sera payé au

551 2387 483 189 prix Courant

738 2435 1499 135 Troisiemement Je prie mon executeur Testamentaire de prelever

592 2538 1698 140 La smome de deux mille livres argent de cette Colonie Sur Le plus

594 2648 1687 112 Clair de mes biens pour etre envoyé en france a la municipalité de

317 617 195 272 26

253 2804 82 89 35
