2346 3508
652 35 1623 181 La Nommée Toinette sa fille Créole et que Personne

645 157 1591 172 N'y a formé D'opposition D'après Ce qui Resutle du

655 240 1568 163 Certificat du Procureur Soudie En datte du Jour D'hier

643 323 1640 150 Lequel par luy Representer luy a été à l'instant rendû.

641 405 1671 146 Pourquoi il Veut et Entend que tant la d^e Marie que la d^e

661 485 1645 128 Toinette sa fille soient et Demeurent libres et affranchies

645 567 1671 115 de toute Servitude  et Esclavage len Declarant à tout et un

639 639 1650 119 Chacun Libres et Voulant Quelle Jouissent du

653 703 1628 152 Privilege et prerogatives Accordée aux Personnes

596 822 845 143 nés et condition Libre.

833 871 1486 160 Et Pour ne pas Mettre Lesdites deux

651 970 1673 140 affranchies dans le Ca de devenir à Charge à la

641 1056 1669 138 Colonie independamment des talents que possede la

614 1132 1663 154 d^te Marie Jl leur fait par ces dites Presentes

631 1231 1652 127 Donnation, Pure Simple irrévocable, Entre vifs et Dans

631 1319 1658 150 la Meilleure forme Que Donnation Puisse Valoir ce

641 1403 1685 148 Accepté Par la d^e Marie Pour Ce presente demeurant

649 1506 1659 129 avec le c^t Citoiyen Villemont et la [[Gantier]]

643 1578 1669 170 Quantité de Dix Sept arpents et terres à prendre Dans

639 1666 1666 171 la Profondeur de Son habitation Qu'il fera mesurer

598 1765 1712 137 eet aborner Incessament Pour Par la ditte Marie

625 1835 1699 217 En jouir, faire et Disposer Comme de Chose à elle

629 1902 1687 191 Appartenante Ainsi que La ditte Toinette se fille

625 1975 1691 208 En Toute Propriété Au Moyen du Present acte à

620 2081 1671 189 Compter de Ce jour, plus le Citoyn Villemont leur

567 2137 1745 219 faitr parcilleuureat Donation pure et Simple d'un

491 2254 1819 209 Noir de Caste Mozambique Nommée Le Tennessy

606 2346 1706 212 Pour par la d^e Marie en jouir, faire et disposer

473 2411 1847 240 Comme de Chose lui Appartenante Ainsi à Compter

602 2478 1744 232 de ce jour; Déclarant la dite Marie En Etre En

599 2578 1741 263 possession la presente et Donnation Ainsi faite Pour Les dites

637 2666 1685 263 Causes et Par ce que Tel est la Volonté Du d^e Citoyen

649 2721 1695 293 Villemont et Donnation, Laquelle est faite en Outre à la

652 2856 1670 263 Charge Par la ditte Marie de ne pouvoir vendre ni

571 3005 1654 208 Alliener Led^t terrain que du Consentement du

649 3133 1213 168 Donation Pendant Son Vivant.

420 3250 98 127 51
