2396 3508
1963 38 405 139 Neuvième feuillet

756 124 429 80 et en est Contente

881 189 1501 113 Appartenant Letout audit Lenglet au moyen de l'acquisition qu'il

750 284 1591 113 en faite de Louis Le francois Merechat par acte Sousseing prive du

748 365 1639 123 Vingt trois novembre mil Sept Cent autre vingt douze moyennant La

744 461 1591 113 Somme de Sept Cent Livres dont Ledit acte porte quittance auquel dit

756 565 1573 109 Francois il appartenoit par lacquisition quil en avoit faite de Joachim

742 658 1642 98 Charles par acte Sous seign prive du dix fevrier mil Sept Cent quatre vingt douze

750 744 1599 111 en Seut duquel et la quittance du jour, les doubles desquels dits Soussign^e

744 839 1556 115 pria le presents par ledit Langlet a Sa requisition sont demeurés

736 927 825 86 a la premiere minutte des presentes

931 1011 1377 95 auquel dit Charle Le tout a été vendu par Zephir noir libre

721 1089 1608 109 suivant Contrat passé devant audibert Notaire en date du Neuf

705 1179 1650 120 Mars mil Sept Cent quatre Vingt dix auquel dit Zephir elle appartient

723 1288 1591 97 ainsi quil est etabli audit acte auquel on peut avoir renvois au besoin

968 1373 1320 100 Pour par Ladite Jacquette Jouir faire et disposer

709 1465 1593 98 de tout ce que donnes en usufruit Seulement Sa vie durante a titre de

697 1551 1642 111 Constitue Precaire a la charge par ladite Jaquette dentretenir Letoud

703 1640 1593 106 de toute reparations Locations et son cure pour après son decés tant le

692 1730 1651 115 Case et dependance demeure ruine et Cours lidée au fond et Propriété

707 1828 1644 107 Revenir et appartenir audit Langlet Ses hoires et ayant cause Cause car telle

705 1939 441 103 Est Sa Volonté

851 1997 1486 123 Et pour faire enregistrer et insinuer ces prsentes par tout au

690 2095 1678 142 besoin Sera les parties en ont donné pouvoir au port louis d lexpedition

688 2198 1684 128 des presentes et den requerir acte Car avis promettant promettant a cet effet

688 2282 1667 138 &. fait et passé fait ce par un double selon ledit au port nord ouest

680 2377 1669 127 Jsle de France en lecture lan trois de la Republique Francaise le Sept

668 2467 1690 134 Mars mi Sept Cent quatre vingt quatorze avant midi et a ledit

670 2572 1696 125 Langlet Signé et non ladite Jacquette ayant declaré ne savoir Ecrire

680 2662 1673 122 ny Signer quoique de ce faire requis et Jnterpeller suivant Lordonnance

666 2749 1613 143 Comme il Est dit en La minutte des presentes demeurés a Betten

674 2855 1675 132 Lan dort Notaire Soussignes en Suite De laquelle est Controllé au

703 2942 1638 145 Port Louis Jsle de France le dix Septm mars 1794 recu quarante Sols signe

692 3048 655 140 Somres et atogenetion, Betin

1276 3085 1081 107 Enregistre par moy Greffier Commis Juré au Tribunal

1265 3174 1095 86 dyne dapre. deMrJle depaue sercq nrdesten aun Jere

1267 3237 1093 76 Pava cydit reprem letlendue eprurqueeint Sevialte d'up

1267 3293 1086 76 mryt aet sai laJour do auispyl Lau 2i erlatpultgea

1280 3350 232 85 et noumll

1526 3342 267 111 B: Maguix

544 3236 73 149 15
