2371 3508
1826 58 531 92 Vingt et unieme feuillet

678 125 1599 155 Pour planche, Bale grecourt et autres Lieux dependant de la

684 229 1626 151 paroisse Vezet dans Lancienne province de Franche Comte en laquelle

690 343 1573 126 paroisse Je suis ne pour Ladeite Somme etre distribuée par la

682 434 1425 135 municipalité aux plus pauvres Jndigents de la dite paroisse

783 539 1482 123 quatriemement Je Donne et legue a la nomme Modeste Creole

701 625 1646 137 mulatresse agée d'environ vingt un an mon affranchie la somme de deux

682 730 1634 123 mille Livres argent de la Colonie Laquelle Somme Je lui au procure

682 830 758 87 en lui donnant Sa Liberte

774 922 1575 128 Cinquiemement Le Surplus de tous mes biens Je les donne et legue a la no^ée

676 1015 1669 132 Jeanne mon affranchie en reconnaissance des different services quelle ma rendus

680 1122 1659 119 quelle Continue de me rendre pendant ma presente maladie pour par elle

674 1221 1693 125 en jouir faire et disposer comme il lui plaira a charge par elle dacquitter

682 1325 1308 97 toutes les dettes que Je pourrai laisser apres mon decese

744 1420 1591 104 et pour exectuer Le present mon testament  je Choisis et nomme Le

711 1506 1605 121 Citoyen Desbarges regisseur des biens de la succession Champeau Le

698 1611 1608 100 priant d'en prendre la peine me dessaisissant entre ses mains de tous mes

686 1709 1659 111 bien Selon La Coutume et les reglements Le priant daccepter en forme

680 1804 1281 94 de reconnaissance ma Bourique Nommée Jeannette

871 1892 1396 111 Ce fut ainsi fait dicté et nommé un mot apres Lautre

723 1993 1499 100 au Citoyen Jean Baptiste Bombard notaire au Canton des

707 2091 1593 105 pamplemousses en presence des Citoyens Jean humbert el Jean Marc

696 2182 1600 100 Moruë, tous deux domicilies au Piton Temoins a Ce requis et Soussignes

696 2278 1575 97 par Ledit Testateur auquel Le present Son testament a été lu et relu

680 2373 1642 100 un mot apres Lautre par Lesdits Notaires aux remeurdet etre temoins

682 2478 1568 90 Lequel a declare bien entendre et comprendre etre ses dernieres volontés

674 2580 1593 93 Navoir Rien a y changer et y persister, revoquant et annulant tout

680 2673 1618 92 Testament et Codicile au Contraire Son present testament auquel seul

684 2765 1624 92 il Sarrete Comme Contenant ses dernieres Volontes qu'il veut et

690 2860 1640 108 entend etre executée apres son deces fait et passé en une minutte a la

684 2946 1610 100 requisition dudit Testateur Sur Letablissement et dans le domicile du testateur

682 3051 1644 98 Six au peton Canton de pamplemousses ou ledit No^re sest transporte

698 3149 1573 93 ainsi que les temoins L an deux de la Republique francaise le vingt six

694 3242 1550 88 Mai mil Sept Cent quatre vingt quatorze a huit heures du Soir

505 3326 120 85 42
