2479 3300
299 24 250 83 17 avril

308 97 165 66 8 may

566 55 92 89 1794

319 188 438 83 Testament de

310 231 465 170 Catherine Cit. de Couleur

635 357 149 110 12

805 68 1615 224 Pardevant le Notaire Public au Canton des Pamplemousses

870 218 1555 139 Jsle de France y demeurant assisté des temoins ci après nommés et

828 346 284 114 Soussignes

1015 353 1397 143 fut Presente La Nommée Catherine Citoyenne de Couleur

825 436 1617 141 domiciliée Sur La plasse qui avoisine l'Eglise Saint Francois

819 520 1621 147 des Pamplemousses V^e de Pierre Hector Citoyen de Couleur au domicile de

823 592 1591 152 Laquelle Comparante Lesdits Notaires et temoins Se Sont transportes

834 671 1597 154 a Sa requisition, Laquelle etait dans Sa Case Couchée dans Son Lit

834 742 1578 165 Malade de Corps mais Neanmoins Seine d Esprit memoire et

830 817 1566 176 entendement ainsi quil est apparu audit Notaire et Temoins par ses

841 913 1560 159 paroles et actions dans la vue de la mort Craignant d'en etre prevenue

832 988 1555 161 avant dacoir mis ordre a ses affaires considerant quelle na pas

819 1064 1580 170 d'enfant ny meme de parens dans Cette Colonie étant née dans

814 1155 1569 170 L'inde et que venant a deceder Se Succession tomberait entre les mains

826 1243 1601 172 de personnes a elle Jnconnue, voulant en disposer Convenablement

832 1331 1597 172 et Surtout en faveur de personne Sur Lesquelles porte Son affection elle

836 1420 1562 187 a par Ces presentes et par forme de dispositions testementaires faits et

836 1501 1565 187 daté et nommé au Citoyen Bonbard Notaire en presence desdits

843 1591 1558 187 temoins Ses Volontés Lesquelles elle Veut et entend etre executées apres

834 1725 1054 137 Sa mort de la maniere et ainsi qu'il Suit

1065 1765 1347 167 Premierement Veut et entend La testatrice que Ses dettes S'il

859 1857 1539 163 Sen trouve apres Sa mort Soient Payees et ses torts repares Si

859 1947 1559 168 aucun sont avant toutes autre dipositions des biens quelle pourra

852 2025 1581 175 delaisser de quelque maniere que Ce soit La totalité desquels provient

847 2141 1166 148 de Ses Travaux avec feu Pierre hector Son mary

986 2207 1437 147 La Testatrice ayant Chez elle Les nommés Francois, Pierre

876 2297 1511 154 Louis et Francois tous les quatre enfants nés Libres du nommé

876 2383 1505 148 Cupidon decedé il ya longtemps, Lesquels Sont restés depuis

878 2500 1067 125 Cette epoque avec elle et defunt Son mary

979 2535 1470 158 Ladite testatrice ayant aussi Chez elle Les nommés Silvain

898 2652 1544 131 et francoises Creoles auyquels cette Testatrice et son defun mary

892 2728 1535 144 ont donné Leur Liberte et La nommée Francoise filleule dudit

863 2805 1593 173 pierre hector aussi affranchie par elle et Ledit defun lesquels

891 2901 1585 148 au nombre de Sept Lui Sont restées Constament attaches et Constammen

883 3003 1562 148 a lui donner a elle Testarice des preuves de reconnaissance par leur

739 3089 86 128 19
