2416 1469
42 118 398 99 12 may 1793

53 215 433 114 affranchissement

46 305 445 85 de Marie Louise

259 386 109 62 Par

35 398 546 146 Cit. Jacques Maissin

396 554 102 158 15

624 47 1576 254 Par devant Les Notaires Publics a lJsle de

696 268 1593 88 France Soussignes fut present Jacques Maissin ancien

645 363 1573 90 Colonel d infanterie demeurant en Cette ville du port Louis

690 470 1626 100 Leque attendu quil ne Sest trouvé aucune opposition a

651 574 1714 98 Laffranchissement de Marie Louise Son Esclave rendu public par

643 661 1751 116 La Voye des affiches pendant quatree Semains Consecutivement Conformement

612 767 1756 116 aux Loix el ordonnances de la Colonie ainsi qu'il resulte du certificat

604 827 1772 158 de Thomas Enous procureur général susdit en date du onze de fevrier

614 967 1762 163 pesenté aux notaires Soussignes par Ledit Jacques Maissin et a lui

598 1066 1780 114 de suite rendu, a declaré et declare affranchir ladite Marie Louise et

600 1131 1778 196 consulte qui compte de ce jour elle soit libre et jouisse en consequence

595 1250 1769 211 de tous les privileges et Prerogaties attaché à une personne de Condition libre

356 1363 128 104 23
