2154 3508
1719 3 366 71 Dixieme feuillet

532 93 1608 105 Soins continuels voulant les mettre a meme den etre pour ce Charge

534 189 1598 95 al a Colonie elle Les Jnstitue ses legataires universels entendant ladite

526 280 1550 96 Testatrice que les biens quelle delaisse soient Partager entr'eux par

524 370 1563 150 egale parties, et que dans le Cas ou quelques Contestaions viendraient a

524 459 1602 102 Selever entre lesdits Sept Legataires relativement a Ceque Chacu deux

522 551 1571 109 possede maintenant des biens faits de la testatrice et de Son defunt

518 633 1597 117 Mary et qui leur a été assuré pour obtenir Leur Liberté et que celle

520 736 1591 105 que auroit recu moins Voulent Sen prevaloir Lors du partage de la

514 832 1599 107 Succession et Se faire indemniser par Les autres Sur Le momant dicelle

530 929 1569 113 Veut Ladite testatrice que Celui qui formerait une pareille reclamation

526 1027 791 111 Soit decha du legs a lui fait

623 1114 1484 100 Et Pour executer Le present testamment Ladite Catherine Veuve

538 1204 1565 115 hector Choisit et nomme Cantin Dahour Citoyen de Couleur

532 1299 1545 108 habitant de Ce Canton quelle prie d'enprendue La peine Se

528 1383 1569 111 de saisissant entre ses mains de tous Ses biens aux termes de la Coutme

528 1487 1594 105 Revoquant les autres Testamesnt et Codiciles quelle aurait pu faire avant

534 1570 1586 90 Celui ci auquel seul elle Sarréte Comme Contenant Sa derniere volonte

649 1664 1479 93 Ainsi a été fait dicte et nomme par la dite Testatrice au Citoyen

528 1750 1561 97 Jean Baptiste Bombard notaire public au Cauton des pamplemousses

541 1833 1544 94 y demeurant en presence et assisté des Citoyen Claude antoine franchiboin

532 1911 1571 94 et Pierre antoine Bourbion Tous deux domicilés audit Canton temoins a ce

526 2009 1573 99 Requis et Lecture faite dudit Testament un mot apres lautre et a elle

526 2091 1555 109 Lu et relu elle a declaré bien Comprendre Le tout et quil contient ses

504 2178 1213 119 dernieres Volontés navoir rien a y Changer et y persister

668 2256 1456 121 fait et passé entre a la requisition de la dite Catherine Veuve

528 2342 1596 123 Hector Testatrice en Sa maison Susdite Le Dix Sept avril Sept heures du

510 2438 1603 109 Soir Lan mil Sept Cent quatre Vingt quatorze et le Deuxieme de la

500 2516 1605 118 Republique Ladite testatrice a declaré ne Savoir Signer de Ce enquise

504 2607 1570 113 Suivant Lordonnance et les temoins ont Signé avec Bombard notaire

510 2697 1612 121 qui a gardé La minutte Laquelle a été Controllée au Port de la montagne

514 2794 1558 117 Jsle de France Le dix sept avril mil Sept Cent quatre vingt quatorze

518 2896 1579 113 par Service qui a marqué avoir recu quarante Sols Signé a l expedition,

532 2993 261 144 Bombard

863 3026 1232 115 Enregistre par moy Greffier au Tribunal dappel de la Colonie

851 3110 1238 107 de l Jsle de France au registre f° g. Servant de insinuation sur

847 3188 1260 93 une expedition a faveur representé et rendu aprés inventaire du rendu

844 3256 1253 98 enregistrement au Port de la montagne le huit may 1794 l an 2^e de la

840 3324 415 102 Republique francaise

274 3303 102 130 20
