3042 2479
438 49 2172 113 e du ouperls bois qui isnste dans la pofondeurs, deplus, je rompté

445 155 2160 110 anes far tamitie que Rose aposur elle pourr quilles sarrangn Lensiiill

2670 179 19 75 3

438 250 2215 128 pour le logement jusque cenates dans batue. sa sinn cet article au lcur

445 374 2201 110 recommandant asa, et les peant deléidr autant quil ependre de les

447 487 2260 124 qusqua aquit soin enett dese saffee alle mome lequettame ne poura lonte fon

433 607 743 87 lader reun outris aus

2329 619 59 65 1

1244 655 119 40 1

1409 667 158 50 2I

1175 651 227 117 Ant Ce

442 721 2239 131 Je prie mon executeur testamentaire de faire derner le plutor possible après mou

1096 819 72 54 TT

440 840 2257 100 dis la librité au nommé Ara mon domestique auquel je ligue pourr set

183 947 228 81 jut

443 935 2260 81 bous et loyaux Servmas une noinne de vingt mille livrer billels monnoir

1325 1001 150 53 3100

442 1048 2221 90 plux un juine emole, et a desant un autre non quil chaira ropré a

2570 1101 117 62 3118

439 1137 2215 96 apprendre reu metar, et une juuise nigreste, ces denx esclaves ainsi que

2546 1217 71 72 31

453 1232 2182 103 les précidens pris auuu eux de mon habitation plus toutes les haides

460 1340 2238 112 qui tont a mon usage, comme linges, col, habits, velles qelits det

458 1437 2240 115 bat, je tengage et le prie de vivre toupara en bonne intelligenée

458 1542 2297 117 avec Rose et frenmoiss qui a ma sollicilation laiderons detaut leuu pouvoit.

1333 1654 178 60 Vn

1716 1665 365 89 0

1150 1634 180 119 Ant.

504 1706 2208 121 doutix les ditpositions peledentes dant remplier et le sommes

469 1819 2116 124 leguées paques à qui dedrois, j donne le Surplus de mon bun

2585 1889 93 90 d

456 1941 2225 105 aux deux Ccloyens Dreua mes civeur maternils, pour par eux en

2457 2019 47 67 3

388 2034 2258 113 Les jouir comme bon leur appartiendra. jen excepte toute fois, cequel

471 2104 2216 138 meplais de légane en larticle huis a mon bou ainci hercheurodie  à sa bonne

469 2217 866 70 ce digne epoute et asir enfants

1352 2221 1340 121 Ledu Surplus des biens consisté en pres

468 2287 2219 131 de deux hatitations dettes La Cotonnene et la jouissance du Susplus

410 2353 1466 124 àpoquaubod de la mer, cedroit accordé et tena
