2658 2479
1636 1 14 29 1

1672 1 18 59 1

810 45 1817 100 Eemequtr par mai Gufficr datibunatieuil de llede france toumgne

822 141 1738 76 sur uni expedition dle du cestament a noi presente aut effit

826 210 1803 95 autoit drenordons Jsle de fatsdis le viagt mais nevaseau cenqueeme

829 283 278 124 de la Vap

1127 294 202 126 une l

1346 298 100 109 e

1573 333 263 84 Bunon

1781 494 22 69 4

438 549 2095 175 dxtrait desminuttet du gruffe de la fattie de Pait du Tort nordost ple de

1343 651 628 96 13i

445 705 192 141 France.

45 706 2541 196 testament Anjourdhug vingt Rxmais nétore au Ciny de la republique feune l Jndivisible neu Chures

137 878 61 81 de

1270 840 56 49 3

1377 842 549 57 tà

55 911 356 104 Niou

447 877 299 98 du MMatinr

468 1012 7 64 4

584 871 1441 155 Sur lademarde du C^e Belin no^ pullii eu atte Jsle

348 1049 130 116 1

490 944 2077 178 Nous perre Radetle Suge de pais du Cantn de Port nout oust Jslide

830 1093 80 58 350

1269 1089 806 70 12

380 1114 905 121 France lasiste de notre Guffier

461 1110 2103 194 Nous Sommer transportes la ane maison suc recnd ville, Rce des Lemiste a teffel

447 1199 2091 197 dappour not Salle sur Tout les objit de laiee par fa C^e nou ort danstad.

1328 1334 51 52 1

1489 1322 19 49 1

446 1395 361 85 maison

511 1322 2072 220 ou étant nous avout trouté le C^en Beln daquel aonx avais reue le Serment qu'il

767 1497 171 57 34 3

276 1563 134 74 3352

443 1490 1305 143 Na Rien Sonstrait des Efels du de feut.

731 1590 262 46 FaVᵃ

297 1698 143 57 2e 7e]

467 1503 2097 221 Nous avous cnsiilte fait perquisition du listament du de fent que le C^t Be ln aant

450 1609 2093 210 adit ditoie etre dent le Bursar, nous atout ffatituien trouve dans le dit

311 1801 149 52 RITII

450 1699 2079 194 Durcau un paquet cactité en Crace de lettre portant pour Souscription ce mol

323 1790 2208 176 àe Oistameat enverten faite ded paquel priserce de C^ Relu nous atait trouve

381 1998 33 105 4

460 1893 2038 170 Julli deus Citité Lan Commumant par cet rests cen Sont mis dernieres

456 1981 2013 182 Vtoutei jsuis Daplisé a la fiche le fiuistant par ceux cy donneze le

1551 2089 182 48 3941

531 2203 16 40 4

461 2089 1982 241 monteant aus Paurer part ard ont le tugt Set trennaire

1285 2331 79 84 85
