2492 2479
801 1 835 98 la depablique francaiss une et nii

1781 8 244 56 Busion

88 234 293 68 Donation

567 143 1827 140 Par dévant lu notaires publies à l'Jsle de frunce Soniqée ;

174 296 72 62 400

453 218 1941 149 Sis préfant Andre Jobliuot Aubagiste, Denmeurant au lieu ditola quande

74 329 348 126 Joblemot à foe

465 307 1503 133 Ribiere de Cite Ville Ce Cantou du part obend duises ;

1376 389 7 48 1

681 362 1725 140 Loique lousaut traitrer savoniblement la dommice Fou négrese

377 450 1999 124 de Jndienne Son Cffranchie, demieuracte susdite ville cui qrnefente i

253 583 77 76 3

378 516 2017 117 Pcceqteite, lui fait Donmition praite finigsté le au la nailteur forme

435 579 1979 133 quelle quisse Voloir d'un Eernnn Engolanemets maison Ls dipendance

432 662 1956 118 sic au dit Lieu de la prande rivirt avne les enmpdin clavie de sun par

429 761 416 81 Lui acquis di

929 720 1440 92 an Luiviant Contran qa si dirant Balie lus duu

1292 786 23 34 4

432 775 1967 132 notaires Sssiquée en die du vinngt dins Freniant de lan trois Pronathunt

429 844 1939 128 de, Cobliqaent en outea de sain Doustime de éliver à sa frainsur ledit

659 954 66 40 30

429 900 1966 156 Dirrein, aen pravillon Ce Cheapeute di quitoige pieis sui donge de large.

435 975 1955 146 dOi, le plui quafsanent passible ; de lous quoi lu din fare déclae

429 1054 1952 130 bien Savoir le Connaitse ure domandi plus ample de seciption l ae ett

822 1151 25 48 12

432 1114 1960 137 Coutente ; pour par elle foi héitries le regant Cimtis Jouir Jeais edispoder

387 1272 8 102 1

429 1180 1954 132 du Bont lu toutt priquenté An acoyen des qesinne ; a Comptrr du Jeur du

435 1246 1933 140 dice du Dit Joblinot, au de ffau déguet de la lstoud  Car telu eve le Volonté

1456 1324 46 42 37

1505 1322 7 46 1

549 1315 1824 144 Dux donation fouts à lu Mhiye par le dit fon de denmenr Et

416 1385 1979 150 Rester au Sasice du dit Siblint Jusgn jour de sais dcéi ou de fon

411 1454 1962 140 dapent de Datte Jole de Veiller ee prendre sii de sa maison le nanage,

417 1523 1959 151 Ee jans pour Ci presrenn et a anfer anl jager i lehibition, que ce

418 1575 1977 152 Que Carqui Lui asus cy defus donni ; luais La donsteur Rbligeant de la loy

1239 1673 54 41 3

418 1645 1972 146 Nourir, Jedir ce Croiter Douteuuttementae veuté de eniladit ià fufrais

424 1710 1955 150 dugoent. T. Declarant à Lai partrie ; Sttiniole Pvilus La dit Curilé

413 1804 1541 119 Laaiyous Jusdonnéet à la jouine de vigt mille Livel

585 1841 1799 157 Pdt Couvee on Lu dite Pou ne risti et pal Constah

455 1976 89 51 2

433 1903 1954 154 sernée du dit Jobliart ainst qu de sa fndennonée ; Rapre veute donation

1659 1998 71 43 34

367 1970 2006 164 dmemar Cpointe Ce Ce psoupie le Come non foite éyavenci le nn

2245 2046 85 58 4a

2231 2097 21 43 5

420 2058 1786 127 pounaêt adenise a enrecneillir lOlon, n'étain Poutentre qu

2293 2100 95 92 éétate

416 2125 1863 117 Chara par elle de Doutumer ses Veivicel ainse qlise du Cy devon

413 2178 1953 142 Etant lune Condision Cen pusoe sont La quelle La d^e Vous tronéamait pal

1304 2262 160 53 d74

1377 2304 22 85 1

1582 2268 240 69 a ra

1912 2273 70 66 1a

2266 2273 35 47 4

1272 2355 89 92 46
