2479 2583
1749 14 556 69 soixanté ci ume

519 80 1804 130 oure attachement quille na cesné de me temoiqnir, mais elle ue

479 206 854 136 pourrd tes acune faid siemit

1372 193 128 108 A9ᵃ

1528 187 768 101 qui divra eucas defa

1639 251 110 43 L. 1774

479 272 1824 162 mort appartenios rungidient a sa fille nommée Cephise et ma

475 342 1831 193 Jillenle, et i par manvaise conditte ou antiemens, elle élan obligée

488 423 1792 199 de vendre quelqunn desdits dix etclaves, elle les remptaiera du

498 530 1823 186 mime age et catte Comme cependant, le teuseim ue au mapou

498 678 706 132 est un peu éoigné du Port

1256 612 1023 134 elle poura léchanger ou le vendre

502 710 1770 189 mais dans ce dernier cat en justifant de l'emploi des fonds que

2249 845 31 93 3

499 805 1529 200 en proviendront en un autre teriein d'apeprés mime valent.

977 939 197 99 Aart. 1

1182 929 56 76 lourt

508 921 1803 212 Je ligue et donne a la nommée Rote et a ses enfants en reson des

513 1013 1793 203 bans services qu'elle et Louise sefille mont rendus, et deleur

515 1123 1807 174 teiere attachement pour moi, le terrent en entier ques jai achete

518 1199 1800 200 de la Succession Villeblanche, entemble les batimens qui yexistent

513 1313 1721 160 polus dix tites desilaves de deux uais quelle choisira après.

522 1364 1767 175 aus pis par la nommée Francoite . se ligue aussé à toutes

526 1445 1737 185 les deux, tavoir a Rote et a Française, comme auni à leurs

535 1552 1803 180 enfants huit vaches pleies ouputes à litre deux punes teaunauy

541 1634 1745 184 vingt poules poudantes à chauise d'illes et deux Cags, plui

538 1720 1765 169 tout mis meubles meublans, tant unx du Poit que de lhabitation

536 1822 1790 184 rcepté toutenfois ceux compres dans un état qui lera trouve dans

544 1894 1741 179 ma papuis devants resteur au proprictaire de la maison, je

1932 2050 87 56 d1

529 1977 1736 186 leur légue aussi mon argenterie intimile de cenvine jarres

562 2082 1749 192 potictes, bouteillet plemet ct vede. et tout moi linge

269 2308 138 66 Aieni

476 2293 52 57 53

552 2152 1774 199 excepté celui à mon utage, dont p disposerai da lastiele

502 2354 27 108 1

538 2247 1783 182 suivant. font compus dans ce egt toui les notencits dhabitation

900 2393 60 42 306

298 2496 172 56 pat

571 2333 1719 204 quelles pastageuont entielles deux ; excepté les mouliir a coton et

515 2495 298 56 3 &4241472

800 2425 1518 155 ui tiennent et dependent du erins de la Le tonnene

1817 2498 422 83 Ditint da dix
