2917 2479
534 1 2168 80 contel mun valante dermières Jan auport teiir mme en fu

523 59 2359 133 le tante may mif cept un quater ingt teuis a quan lieenus aprés

363 181 928 120 d medi igné Bailly.

874 267 2030 132 Eeregistré par mei Greffier dectibanaliv nu longies dudu

705 369 24 66 1

778 384 2088 132 tatament anmoi paregité aet effet et desitd rendu aprus

70 537 155 97 233

882 495 1577 128 miadion fuete Jur clin du pres ent ennegistrement

899 572 1979 145 Auloit dechoid vnt lle de france le vingt equatre fuccledor

42 648 254 137 Leson

2379 692 36 81 9

911 695 1408 124 au quala dle la Repur fed uni et rde

914 779 10 69 1

1206 790 18 79 1

1250 779 19 83 4

96 787 268 115 Adept

398 800 161 147 de

1871 809 559 73 Buio

132 922 255 86 hocade

246 968 278 91 Cd

85 1034 527 98 Viarre faics fax

678 953 2168 143 Landod et la notaire Publus alile de France toussignes fui present

168 1060 2689 134 d le Cit Plande Fanceie Sonvagel chezgen de meumainn encette

1083 1151 9 49 1

82 1167 131 101 ef

1413 1176 114 66 3314

1758 1176 48 56 4

454 1239 67 37 0

564 1202 215 91 Velle

936 1258 15 46 2

331 1249 2541 157 iLLequel connderant du la Convintion atentile dans sa seance du

115 1368 2767 126 anssie at aut pvour veux sile dadiere Ju Rd plisr ferie desonuit

86 1483 411 104 qnatilvingt le

594 1451 2274 131 ot de la legivatuu. famaise. tonmiditent que prosse, elle aframe

531 1561 2246 119 Latour ls Citoynes un moyen tur de rendre à la nature une partie

549 1654 273 62 d

537 1651 2344 136 leda dius penulie des mitimens de la plus tendre ainitie paurr

517 1772 2365 110 lenome Louse le pene le nomime vierse peanenr Velix, lout

187 1848 233 100 AI audû

429 1886 2460 95 da enfants de Geildemite ce deveent son enlavt, ennente affranchie

455 2021 44 93 4

549 1996 2267 79 du Cet Eetommear nis lavor, derse le huiu May bapterie le

534 2097 972 129 dux maf du meme moir

1550 2085 1324 186 eletar mut sept cent quatrevingt en
