3133 2479
739 110 1207 117 menp vl, Vestpt eu paus paron.

1979 30 948 129 le Citoyen Bourchane Cap

2021 136 35 59 4

2985 68 138 98 Va

724 235 952 103 de endine marisen

1758 161 1289 133 mussiriie marccsnne de tonneur

371 433 434 102 aat at aq

727 289 2328 175 Sasie Pndois fi u les vngt. feat imnose de lan trois

721 425 2344 156 de la Republigné fraccentannonté a a la ncigplilé du

693 552 2405 140 Canton Chau Bmmairs Semien, temoins la Cety ene Rau

708 723 2371 90 et étourmie el simprene et Jna lemunire donte, ein

697 824 2334 129 consequenne et acopte pour le enfans leditte doannn de ledit

698 943 2379 145 turne Frannoie flux les dclarant dir à présents ses hentent

705 1070 2317 143 et comme tels aptes aporte jou mom et à lui seapden dans

614 1218 2408 142 toux les biens confomentent aux tois de la Repiullique, fanfe

574 1338 2461 174 qu ase confonner par la feunt au mode dadoption qui a été au

665 1472 2220 171 qui lecl detrime par les loix des quil lui rera conme ; ae

509 1574 101 91 410

2725 1512 70 95 34

2933 1479 180 151 Cartint

670 1604 2235 165 quil entun quedans le cas ous it vendran a deceder dusût

2937 1643 131 122 seu

669 1762 2413 139 e mode fut paroinu afa conmanmanmt le present au tont vou

2544 1798 84 55 331

2663 1755 391 82 100ᵃ ler jer

369 1906 264 111 RTI

680 1878 2395 153 eet attendu quit consenr teujours tentention de se coufimet

676 1947 12 58 1

2744 1884 145 70 D4

519 2003 1336 127 actont aux toin de la Republiquede

1950 2042 1030 157 Et pour jalse enrégistien

633 2131 2378 192 Et presentis parsat au besoin sera le comparant a constilul

336 2276 71 94 39

1082 2215 142 72 40

600 2288 2431 168 son premer le portenr auquel et donne pour au dla rés fane
