2479 3292
783 3 1650 103 Enregistté par runn Etienne hicenithe heures, Gaffer du lubun

792 85 1639 101 ciit joussigné auvartapeditins, dudu testement an poenta

801 164 1619 121 aul, aat redeit rendu apus manteser faits lur celle du

792 230 503 95 peaut enegistrement

781 274 1624 115 au soit retlon ount bledi feance le quatre tenoes au

80 384 104 80 dan

329 376 93 73 35

804 356 1084 148 caeant ele la tegue ligus fr ule ant

1953 345 313 126 Pousson

43 470 383 133 afftrochemnt

1631 515 306 81 de por

2111 504 47 84 2

173 585 194 80 de.

400 561 2007 124 la desvant les. Votaires pablies a l'ile de france soussignes fus purent le

47 652 2329 125 Magdelame et Joph Contrempis ntaint habitant demeuieat aeu canton des

45 740 2371 128 Nectaiue tregen Panplemoussen fonsi de pouvoire du cet leuri Senon du poitai et de la

47 835 2393 128 adiamesd Eloyee mais Baibe Genavane De foiges Parng ton épouse de lui antoiné

320 932 2040 134 Le favoit ponation passie devant auffag lun des notain foussignés

265 1027 2122 125 dqu'in a sieuttes et son ranfare lequala Veudémiant etereur conteallé

102 1108 2329 126 ct 2 mir Villes le auset. Legrel adie que ser commeltanr dee lever

113 1207 2309 139 anso ve deffranctiér le nommées magdelance a testiteie toutte deux negresses

150 1289 2279 128 d ainvindate qui leur appartenaient re pour neonfonnerr claneté de lomente

294 1378 2080 132 de Cloniile duaingt unn Janvier milsept cent quateuingt ause fanctionné

96 1455 2304 170 aue a revngt neuf se fout retrt vin le direntoies, qui a fair faur les effichér

102 1565 2300 146 dte a ce pablitatone d puseittér fais qus aü éti fonné auune appoution

89 1656 2298 145 nde aas anui quil ent comtité par le cestifiente du Subititue de lagent nateanal

40 1753 2378 154 vanden e duvingt troie pesent moie repaenté ct render, quils ont egalement

21 1849 2410 144 rese a agpbla cainsedete commune quaily la sommé de fix cent leve

31 1953 2360 135 li par lesdiurte dudi affranchissement saidant queltanat du téctoreeu

87 2039 2342 152 eecquiin de la Colonie ladie pour  auii représent et rende, ainsi toute

106 2163 102 84 19

256 2136 2155 133 Vodd ls fniilité prusirilles étant remplies ee voulant le cet Haint remglie

168 2233 2221 126 et ddon tobpé que ser commeltand se fant japrsé aut égared, el décloir en

129 2337 70 91 27

226 2331 2137 119 dde Reuid nont affranchit comme defan il affranchit pair cer quentée

206 2443 2141 111 rnta Petoute Sermitane la nommée maydelaime ingressé, endianne agre

124 2527 64 104 5

248 2534 2177 114 d aes le quaranteinngant e la nommer Restitue negrene, demêime caste

100 2626 2331 124 pol ao agé a teiite tuii au, la décleiant de ce moment ce a tonjour

237 2719 178 84 Enora

450 2712 1950 146 libr deliens cop ce déleurs aitioné jour par elle pour de lout

1116 2816 514 62 sin l ran dairl

69 2869 126 110 239

464 2842 1934 109 lesdiaits, préviléque, commumtis ce purogaluce dont joussent les

268 2873 171 104 aoe

960 2900 461 64 aait paeot lene

1476 2895 37 71 2

464 2939 443 131 Caayeme framair

852 2906 77 58 drul

294 2981 113 93 8

978 2946 692 113 et cafer quelles le fren

1295 2990 126 58 37a

1452 2990 170 106 ntrant
