2479 2542
529 1 708 92 de deviendraunt manvat fapu

529 1 1848 150 donér à meilteur marcté et far les leper demer nous, je lepue eeouan

526 50 1890 187 au de fosttin La fomme de tion mille livres papier mainioie pour payer.

529 132 1896 187 lapiunon de Bapast thomat ce son matte dcole, ct filer denés

526 235 1889 192 Aigmentent de quevonr angmentien tiloyen demer noiis mon

519 410 893 106 aequatent Seguorlent Sapeunon

1056 468 194 99 Art 4

1310 464 27 62 8

519 474 1920 206 Ja dulan et chargé de la Juccession st Auten ance le Cet Sepou comme.

512 571 1904 163 ces touris sont considuable pne fun chargé de la manon du port

524 675 1911 151 ce du habititions de la petur River dont lor rendra compte aix hentiere

531 759 1895 140 ou à qui de dioit le ces Belis aqe me remplace tranaess toud les

533 852 1825 133 payieur ou adre pavreutte ce de pruses, quant aux biens du Gat

533 927 1912 133 doux Ise de la Reunion ayant pudu note poces pau secnteure arbiti

528 1005 1897 138 nont avour lan appal a Boumteon, il faut favoir le fuite, au

526 1107 1885 138 port tod dust dils de fance ce des hat Biumaint au cenq de

531 1224 1546 109 la Republique française ume re oedevinble ngné Reou

1069 1326 224 79 Art 12.

514 1381 1900 120 Comme on nu peut toap recompenser les peiurs fouis, Lesveille

1320 1374 190 60 d

531 1488 1887 99 ce lattachement dun tou domestique jai donné a Lubis noir que

532 1580 1886 107 pi affrandii, safille agée de niuf mais, qui sappellera lousie

531 1677 1836 105 daconsentement de la mer, econditionr quel lui donnere sa

538 1775 1768 120 libeité ce gour endemmier Baglute thomast je fanfare n

2241 1751 88 39 3

2228 1837 36 65 4

2377 1789 65 45 2

529 1868 1901 133 appeuts qui'vant dix foin laveleur de leufant, au moyen deqers

536 1978 1872 113 px un thambre pour lubis qui le rappioclee de le minue

529 2074 1930 123 de jque Naptéste thamar et son tatenr de lui ai laiser la puissann

539 2166 1800 169 perqui la ma joité de thoimes; p peure qu'il rredon per

1590 2300 182 99 d

1346 2417 72 85 88
