2600 2479
107 2 365 93 Rotale negrette

513 5 935 118 Pardevant franceis Eimemont pne

101 75 116 98 libre

407 9 1903 209 boussigné et en peseme des teméins à apres nommés, ett comparie

413 85 1856 229 Rosalie atoyenne de coulau demeurante au Port nor oust de cette

416 195 1845 203 dfle dans un appartement de pendant dune maison appartenante

414 286 1856 189 au ct martines rue de la chauvire indisposie de sa pértonne, mais

406 389 1849 167 sanse desprit emoire et entendement, laquelle voulant en cas

400 472 1936 178 de mort laisser aux pessonnes qui lui tont cheres des témoigte

396 589 1840 161 de son affection et de su reconnaissance, elle a en contequence fais

396 678 1873 160 et dute audit notaire en presince desdits temoins ce Apres nommal

385 815 1045 125 son testament de la mannere suivante

377 863 1921 157 Je declare ne connaitre aucuns pasents, les reconnasence det

356 959 1947 164 dous touns et offeis que ne cusse de e rendre depuis tonmgtemb ie

370 1052 1906 155 que pourra me rendre more le Cet Louis Durand filss je lai

358 1163 1882 149 donne et ligue et le pie daccepter ma modique succession

316 1245 2001 169 constante en tras esclavis et lenfant de lune delles, mis meubles

358 1371 1919 130 effels et géneralement tous les biens que mieppartiennent et

359 1468 1911 115 poursont mappartenier verclant quil recueille le tous auitor

349 1582 1523 125 aprisé mon decex, tinstituant mon lequtaire maverte.

355 1660 1893 141 Ja nomme pour mon exécuteur testermentaine ledit Cet Durand fils

340 1786 1894 118 et me dipouille de tous mes droits en fa favieuur confonmement a la

323 1906 263 84 Contume.

365 1963 1849 117 Velest le testament de la dette Rotalie cei à fur et mesiar quelle

344 2079 1943 171 ladité audit notaie rn pusevre devints tesmoins licapés nounes

461 2310 21 61 1

1140 2345 104 83 130
