2583 2479
429 31 1839 110 Ile de France dans le Susdit appartement le dix thernedeer

460 139 1859 99 de lan quatre de la Republique francaise uné ci indevisible

458 238 1841 96 et les temoins out ligne aucc le netie ni le testaleur qui

455 334 1827 124 a declaré ne savoir cerme nitiguer Dce enques Signés Jean

435 429 1839 120 Baudon, Vinson ct Dolie. en mary ait ccret. controllé

447 526 1845 133 au tit n. D. Jle de France le 29. thessuedot au 4 signé serviie

775 681 1531 126 Enrrguté par moi Geffar dutiebunl incil ce lslede

787 780 1481 128 fanre Joussigne dur  longe du dit

793 869 1519 136 lestanent a moi presenté a cet ffri ci ent apres

786 959 1509 137 mintion faur Jur centui du present enngistrement

772 1063 1596 153 Autoit du ond aunt Jlede France le ditex frucled.

1593 1052 61 44 31

779 1162 984 117 au Parte de le Republigne fe

101 1320 330 64 lestament de

783 1254 600 112 deux mot rages mils

1782 1218 420 115 une ce mele

93 1382 362 84 Rotalie angrette

1475 1326 256 77 Busson

92 1439 118 93 Eebre

475 1428 1843 165 Perdevant Francois Enamond Breue notaire publie a l'Jsle de france

413 1541 1858 144 soussigné et en pusaine des temoins à apres nommes, est comparie

406 1608 1824 167 Rosalie atoyenne de couteur demeurante au Port nord vicst de cette

406 1691 1820 179 ofle dans un appartement de pendant d'une maison appartenante

405 1791 1830 163 au ct maitines rue de la Chaure indisposie de sa peitonne, mais

399 1857 1816 196 tanse disprit namoire et entendement, laquelle voulant en cas

369 1919 1927 218 i de mort laisser aux pusonnes qui lui tout cherel des temoignatze

392 2019 1806 242 de son affection et deza reconsainsance, elle a en contequence fait

395 2133 1836 195 et dut audit notaire en presence desdits temoins ce apis nomet

378 2215 1108 134 son testament de la mainère suivante

399 2288 1108 189 Le dedert ne connaitre aucunst parentre

376 2386 443 91 dout touns et offais

863 2419 40 58 9

1589 2371 155 106 Ees rec
