2792 2479
17 2 1440 117 afrance dafit pusignes ful parente la cetoyune at aat

106 92 170 91 Chisom

358 4 2154 198 Cit Churon laquelle etans dem un appartement dependant de lexplecement

367 67 2142 235 apparenant au les Cagnet habitant de la Reviur de renmpart lui ue son le

362 195 2183 200 malade de cops mait camoins faine desprit memoins n entendement auni

352 287 2168 225 quil et appere auseett notaie et temoins, dans lavme de la moit eraignant

366 378 2165 225 dit du pean avont drnoir mii ordre asre affre aface decldtnommé le

373 491 2169 216 péras tou lesement ce odonnance de denaine volonté qu'ill rent ce anteur

376 625 1731 155 dles mentus apri sa mort de la mainere ct anni qu'il suit.

370 705 2127 175 donne ce legue la testalieir a la Citoyenne Chartotte Aleaandie epouse du cet

378 789 2113 164 Gallot la nommée marie négune tatinga son enlane pour par elle en puer

377 893 2197 164 entou poprété veut et enteur latisatrice que le nommé Joseph noir molgache

373 1002 2155 150 sen cnlan soie affranchi de toute tervitude aussitôi toudéus, et pour que ledie

1625 1094 271 53 d

374 1110 2161 143 Joph ufoit point acharge à la Colone, la testatieer lui donne ct légue tus

378 1222 2145 149 ceqi lui appartrandra en catte Clonie aujour de son décès pour pau lai en jourr

391 1333 2089 106 eetonte pupruêté et pour exredte l present testament, la testatiue a

389 1430 2095 122 commé lapessonne du ces Jacquer Gallat entre le mains dequel

395 1530 2118 102 elle le dessains detoie ser bieur suivant la contume. Cefut amii

749 1508 340 59 7

1022 1600 176 58 38

1245 1600 142 60 310

388 1620 2106 126 fai diité et nommé par latestatrice aluire ysi Bala notaiie pablie

389 1742 2104 104 demeurant en eta mr rme de lhopital au cet Jean tonmtet manhand au

387 1844 2118 107 att velle y demeurant rme nationale, ae cet deshains manhrand en cette

2527 1867 39 61 44

393 1940 2031 117 aille y demeurant me nationale tnoini pour et requis ai cepus

2407 1947 47 67 "

393 2050 2086 126 appelles en presece desquels le qusent entamment ayant eté la n celus

1002 2012 150 57 3504

1348 2019 238 71 34

1623 2049 40 43 4

395 2136 2048 146 an mot apés laitre ala testatrie, ille adeclare y peesnste et

1632 2130 70 46 3

1238 2346 95 90 178
