2479 2958
476 1 1879 84 pouen Lun confeent aux lon sela gmes

506 57 1854 143 ase confomme par la feute au mode dedeption qui a été, au

511 175 1889 135 qu'e détongené par les loix deu quil lui sene commm; de lraie

514 281 1891 138 qul entendt quedant le cai out il randrale a dceder auitt que

1883 361 499 81 rax vu reirge

519 404 1843 108 a mode sut paronne afe connaisanne le present au tont von

2174 469 68 53 34

547 497 1854 119 sut, attendu pat consent toujoure Centiintion de se confore

519 609 1872 114 artont aux lois de la République le Et pour fisi ensilgistrer

519 711 1936 112 Ci purnte partef au besoin seus le comparant  ccnttetut

514 829 1868 102 sou pe le portsn auquel et donne pour e dle ces faice

1104 892 173 67 3449

1537 907 87 49 1

1670 897 463 61 127

516 941 1866 109 et deu regair aue ; promillant, oblegeent une mazit ; faie

517 1050 1843 100 et passe doubleau st nord vent de Jslsde fance en lomile

517 1145 1866 118 ton quatre de a Republiqu somaist un et ndsimille le

521 1271 1867 83 vanf deux fucdite an et midé etali dleux minalle

522 1355 1907 122 tune pa le leunan des Chartier du Ctomes lantre autulle

524 1451 1915 144 le vingt trai frucidont au quatre par fermeie equé larec pecant

519 1562 1869 150 tour est desrime a auffiap sun des Matair Sonssgéés dJl

1765 1575 227 61 de7

511 1628 184 194 [y

1122 1631 63 82 14

1446 1658 77 39 3

698 1709 1730 118 Dugust paer moi Griffier du lib unat tinle fi

2347 1695 25 66 5

779 1807 1604 118 ue eepeditie la du dit e sepesn amai piaet

706 1866 359 102 Taut Mat

1196 1876 105 63 74

2431 1812 38 99 1

677 1932 1488 151 atu beuit Cusad prust Jslede fancé lequigt te

678 2052 1731 146 u au quld de la Requbligne pan  l e u

2091 2018 310 87 Pa

960 2111 180 63 19

2439 2098 28 58 5

713 2225 398 101 pefale 34

1204 2272 104 56 30

1555 2202 596 78 3 E 50

2367 2177 31 95 19

205 2305 582 120 Contet dimaiag

840 2313 877 133 dii Dn auteta mansgn reçu

1502 2312 202 67 d0B

2112 2277 270 118 Tpx

315 2425 82 72 [ondet

511 2414 41 97 4

825 2427 1540 138 d adtee minutte et loncontiere natain pablui

1601 2414 47 54 3

1742 2404 487 69 pars v

2444 2322 30 121 9

182 2461 414 140 Vaie reLumr eu

595 2417 67 210 1

761 2511 1579 116 l Lalle dils le aute funtidit delais quitene de la

161 2570 416 100 Maantm Ccn

1558 2576 36 45 3

210 2644 261 113 Nan

1052 2575 1344 197 deallige Prancaise ne prudrunible antiolle le

1362 2852 53 64 10
