3100 2479
607 46 2209 171 Gueltanme hattain et antoine Blachette y domicilies reques et transporté

592 155 2243 172 audomiil du cet Jen Buptiste Roch M^e en chirurgie jarer fis acclieu

584 265 2159 142 dit Larioure La chaux tusdu Cent Eet rompe le ces Etenne

2828 249 24 120 9

581 363 2221 153 eaure iingent dartillerie delaité au lieu dit legrant port Cantois de la

573 475 2256 146 fatrmité fils majiser de gabriel manre et de Defente manquerite Guirandt

564 599 2250 102 natif le leuir dt Mien au département di Dordogne, lequel treonné

562 707 2312 101 Gisfant car un les danss une chaiibre a main gauche de la falle en entrant

562 824 2318 120 du coté ala mer, danc merlade n de coigs, mais fain dsprit memoin

562 924 2281 126 juqunent ce entendement, ainsiquil est apparie aux notaiies ce teméins meidits

553 1043 2238 117 duprés questrons alui fiites e le repouses a calles nour adie ci déclare

530 1154 2221 136 qa le Siegé de tinvitation par lui anes faite denonss tramporter près de lui

483 1283 2309 113 ¬anniû pour motef de prevoie la mort en mettant ordre à les affaires par

183 1437 102 115 20

516 1368 2242 137 fonse de testament et odonnance de dernaris e libier volontés quel

425 1491 2376 128 da velis mame decter u nommer aux Mlairedle temoins denommes lesquels

442 1596 2367 137 atemperant a la ditte requisition les ont recuus et treuces ainsi qu'il mils

516 1718 2260 145 Prediaement declace ledie Etienne Maure quil est marie Legitiimement.

1919 1710 14 40 1

505 1839 2229 137 avec la Citoyenne Marie marqueritte Dubant au pereivant nance ete

2092 1831 43 70 3

358 1943 2321 157 d feu Francois Josegh Lavier Rndiser tana quil cante auuu contrat

322 2056 2429 157 idu condittonx dicelie, autre que de la élibration faite à Pemeure

501 2166 2247 167 pu Louent, quen consequence il vent t entend quavamant son

505 2255 1521 179 dies touter tes ditter vant exeritement payées

505 2346 907 130 les biens qui de tronveront con

1443 2410 79 67 120

2095 2355 557 114 e prélivres sur
