2479 3117
457 6 1954 167 Rer reme aute voute que Mousiaur Dons du moi faicons

445 95 1990 182 à moit fuit ainé franais dogt morie Me Ded sous

453 211 1968 150 melle levier et mai qulure cents que lu virgt livre qui fain

446 303 2020 166 totat deuxy mille ienq cants quatrer ingt ledur arpat se la Colonis

450 419 1959 187 cequi don faire une roupré et duni par jour somnt laquellesge

455 529 1935 167 maileur augagt unce Mmanscar amoliie Michel, e ccompagnée

166 715 154 114 d

455 638 1998 144 nous envoyen alle foins tous les aus autté même metson

450 742 2001 146 Aondichny qui à la complresance den fens les avonue sant

450 826 2018 181 le monde intuet. Merisaine Doneent iest infege à peyer les

259 1009 96 94 120

453 940 1991 152 mille leves par acte passt jardivant maitin Lostrau nolaire

1098 1066 112 59 32

448 1106 411 99 An Consret

886 1108 101 90 d4

441 1113 2022 197 fenomes et cnrtiteue des cemonontt poour mes esquiturs Cestammnt

273 1215 2160 199 à morzaur le vergé ansent huure pient ce meus fuii, monsence

1384 1314 45 69 4

400 1316 1985 183 dl leu notaie mon aui y je les jueille se chargens de payer

394 1414 2003 187 dur dettes, quellonqai, un manhe avant tentes chases, ete

954 1539 16 40 1

375 1522 2060 188 Premnte, lus fan vur asegon pué len ruvar affancs

445 1641 1950 154 dela manoir laplur convmable a Mademe Miuriniere, ma

220 1771 246 106 cvar

478 1781 573 125 Suu foran d mai

1079 1745 1309 128 la Famiée le les deux reuter noltoés

126 1863 346 116 add a

472 1856 1890 130 Edines Dtanr sont mai demans ontes que je veux

140 1961 263 101 17

169 2038 182 102 295

467 1981 1452 117 et nt quln pm na entent.

452 2041 10 75 1

164 2069 2209 161 condue defrcunnon nommé lademep cnd que me sert de per

107 2273 17 54 1

152 2230 45 109 4

474 2180 1932 109 Eenfaume, et ayant un li ce pouvent pefui aà leui même et

200 2336 279 109 dtd4

479 2299 1883 114 dd actrux apestonne ly lo nt quon lui donne

601 2368 204 63 32

850 2379 121 64 14

265 2413 2092 108 seuben dx ar mais apars met dis ce quand levies

429 2509 2037 111 par lur padantumen uni jiur toite blus ct drcx mouchont

1067 2568 159 62 e112

254 2604 2091 109 n àu for donné pour les lous Sernues et seteis.

614 2682 63 48 eu de

1704 2673 78 56 80

258 2694 2115 130 are quel apissé avc mois telles font par deuieres volontes veces

698 2763 142 111 d

919 2760 108 57 10

559 2807 161 103 Aavor
