2479 2617
537 1 283 78 de le sait

1218 1 157 55 Thain

1416 1 62 35 2

1721 1 52 52 4e

514 15 657 140 Je Suie Bngé de la tar de Bupliste

532 14 1148 176 beus maire derent du meubles entairs ce umaibles dont jar

530 11 1771 233 uun iude, son ater atemra a  mort cequ lui rerant ce lepie den rieu vendre, ce

527 59 1754 250 effels, lui représentre toupes une réalté, comme j connais le a foltie si vonlan

529 125 1795 241 mur cende se sanie dampler aur titette drmendit demende dens la maisan, ce la

1795 263 506 83 el lai sera aiddeux

520 184 1793 247 puer le né vien vindre, il jouna devenlants ce der procisnons que sai fair porter sun

517 296 1216 180 tinventan ce lea rement la même quantite a la amaputé

497 316 1803 235 tasnes dout une que le aegante seul et e aute da terine ce eslane quile

2128 440 148 92 Aite

514 388 1794 222 aflan dont se touis en a se hmoitié ce lui tautid moitré, fatante y demeure

517 473 1581 217 elle ma rendu compte du produn prquare penier may prochane vieux

524 564 1370 193 dont pla a donne quettand l neson alr demander

987 702 77 65 Ait

501 622 1799 231 Eemptacement que joi acquis de tomelle aue de fsis autrefois dsforgne, je leligue.

510 726 1797 198 au ae Leauquillat tamé, l sur diené endeux partur egales, la ligue qui'un

481 780 1827 227 roqueia ladreainoe ommeunen fur lame de sous a consir dans la prsfondeur

513 872 1810 202 e fle povitlon aappé par lonquitlat pere se tione de dans l sen mané du

504 949 1812 201 coté du Ca Boniafoi ce lu fran quil en pousraie conter feront payes auf

507 1046 1794 165 depur du lopr de la peutd que jlour dont pfar alaudon dunmair delapr

540 1125 1777 161 Jeur puyer les frain, la partede que joujais autraftif et que se lous appartende

511 1209 1821 132 La nommée Pitrouite Louquellat, laglaie les toblenex e lamaire de maignnre

504 1285 1800 142 qu'setonant dans lepoutr que plane appertrendion aletionte aangiolet

469 1369 1783 135 Laffair, la oinodte aue sondnee demaibre qui'et dlans la Chambre el

511 1474 995 129 pavellor appartendiont à liugune Lauquelat

1013 1551 155 83 At &

494 1529 1787 185 Se legue à Ttondie Thomt. fille de Jeonne Rose Thomal habitante

494 1632 1835 156 affan un qele mplacement quejoi acquit dun noir libre, la fat donnant

497 1730 1790 144 Jurlara deu Vinplemousses ce laprofondeme sur Porne de Peur dont elle

1477 1826 157 50 1

501 1834 1820 120 nanni le jorssane quedans angaus arsingler du prenmert Vendennand le

489 1939 82 47 11

503 1938 1814 100 and and ayant far denation de la joursance ade Janne Berant par

635 2015 106 58 de 1

501 2015 1834 128 ant possé lus le cet Reliure Notande alachaige par ille d'enatenr les Cstnt

500 2115 1791 129 la bou elet les engamnair etant funar  Pn lapaix éélrée par faite

500 2215 1811 124 que le paper monnoie qui cinaté don cette Colonie naie par acques

501 2311 1832 128 de cenfranie. pcontinur la jouissance de la maneit que faite anadant

1283 2462 79 101 556
