<?xml version="1.0" encoding="UTF-8"?>
<alto xmlns:xsi="http://www.w3.org/2001/XMLSchema-instance"
      xmlns="http://www.loc.gov/standards/alto/ns-v4#"
      xsi:schemaLocation="http://www.loc.gov/standards/alto/ns-v4# http://www.loc.gov/standards/alto/v4/alto-4-2.xsd">
  <Description>
    <MeasurementUnit>pixel</MeasurementUnit>
    <sourceImageInformation>
      <fileName>JK13_2.pdf_page_26.png</fileName>
      <fileIdentifier>pdf//JK13_2.pdf</fileIdentifier>
    </sourceImageInformation>
  </Description>
  <Tags>
    <OtherTag ID="BT7" LABEL="CustomZone" DESCRIPTION="block type CustomZone"/><OtherTag ID="BT8" LABEL="DamageZone" DESCRIPTION="block type DamageZone"/><OtherTag ID="BT9" LABEL="DigitizationArtefactZone" DESCRIPTION="block type DigitizationArtefactZone"/><OtherTag ID="BT12" LABEL="MainZone" DESCRIPTION="block type MainZone"/><OtherTag ID="BT13" LABEL="MarginTextZone" DESCRIPTION="block type MarginTextZone"/><OtherTag ID="BT15" LABEL="NumberingZone" DESCRIPTION="block type NumberingZone"/><OtherTag ID="BT17" LABEL="QuireMarksZone" DESCRIPTION="block type QuireMarksZone"/><OtherTag ID="BT476" LABEL="CustomZone:closer" DESCRIPTION="block type CustomZone:closer"/><OtherTag ID="BT477" LABEL="CustomZone:paraph" DESCRIPTION="block type CustomZone:paraph"/><OtherTag ID="BT478" LABEL="di" DESCRIPTION="block type di"/><OtherTag ID="BT479" LABEL="NumberingZone:document" DESCRIPTION="block type NumberingZone:document"/><OtherTag ID="BT480" LABEL="NumberingZone:folio" DESCRIPTION="block type NumberingZone:folio"/><OtherTag ID="BT481" LABEL="NumberingZone:page" DESCRIPTION="block type NumberingZone:page"/><OtherTag ID="BT482" LABEL="text" DESCRIPTION="block type text"/>
    <OtherTag ID="LT8" LABEL="DefaultLine" DESCRIPTION="line type DefaultLine"/><OtherTag ID="LT10" LABEL="HeadingLine" DESCRIPTION="line type HeadingLine"/><OtherTag ID="LT11" LABEL="InterlinearLine" DESCRIPTION="line type InterlinearLine"/><OtherTag ID="LT324" LABEL="default" DESCRIPTION="line type default"/>
  </Tags>
  <Layout>
    <Page WIDTH="2479"
          HEIGHT="2733"
          PHYSICAL_IMG_NR="25"
          ID="eSc_dummypage_">
      <PrintSpace HPOS="0"
                  VPOS="0"
                  WIDTH="2479"
                  HEIGHT="2733">
        <TextBlock HPOS="206"
                   VPOS="0"
                   WIDTH="2192"
                   HEIGHT="2731"
                   ID="eSc_textblock_68ea16cf"
                   TAGREFS="BT482">
          <Shape><Polygon POINTS="1830 0 2301 0 2319 42 2325 198 2295 320 2325 340 2355 558 2343 739 2374 915 2325 1099 2331 1219 2301 1287 2313 1498 2283 1571 2193 1589 2167 1620 2187 1651 2355 1700 2398 2124 2380 2184 2258 2227 2349 2265 2343 2348 2301 2427 2331 2471 2331 2591 2374 2629 2392 2731 1051 2731 1057 2708 1189 2702 1288 2654 1450 2654 1452 2635 1237 2573 887 2567 862 2500 868 2083 808 1870 739 1850 419 1856 388 1838 364 1178 303 970 315 182 284 144 212 132 206 97 230 72 698 54 1511 48 1736 30 1830 0"/></Shape>
          <TextLine ID="eSc_line_8a8440ed"
                    TAGREFS="LT324"
                    BASELINE="1763 65 2298 50" 
                    HPOS="1760"
                    VPOS="6"
                    WIDTH="538"
                    HEIGHT="89">
            <Shape><Polygon POINTS="1763 65 1763 86 1787 95 1789 95 1790 95 1792 95 1813 85 1816 83 1836 83 1874 85 1886 95 1888 95 1889 95 1891 95 1892 95 1894 95 1910 80 1915 75 1979 74 1982 77 1998 92 1998 94 2000 94 2002 94 2003 94 2118 91 2120 91 2122 91 2144 77 2257 77 2258 77 2260 77 2298 63 2298 50 2293 7 2185 18 2178 12 2173 7 2173 6 2172 6 2170 6 2135 6 2134 6 2132 6 2112 15 2100 21 2026 22 2015 19 1994 10 1992 10 1991 10 1842 25 1787 16 1786 16 1784 16 1760 27 1763 65"/></Shape>
	    <String CONTENT="soixante quatuve"
                    HPOS="1760"
                    VPOS="6"
                    WIDTH="538"
                    HEIGHT="89"
                    WC="0.9976244047284126"></String>
          </TextLine>
          <TextLine ID="eSc_line_1ddd2f21"
                    TAGREFS="LT324"
                    BASELINE="323 153 718 119 1031 109 1441 107 1743 92" 
                    HPOS="318"
                    VPOS="33"
                    WIDTH="1425"
                    HEIGHT="137">
            <Shape><Polygon POINTS="1670 34 1663 34 1635 51 1631 54 1456 60 1444 56 1421 48 1411 48 1395 48 1380 48 1374 48 1345 59 1329 65 1320 59 1303 50 1289 50 1274 50 1269 50 1251 60 1244 65 1236 62 1230 59 1228 59 1227 59 1225 59 1224 59 1221 62 1210 71 1155 72 1133 63 1119 59 1117 59 1116 59 1114 59 1089 65 1035 78 1011 66 997 60 996 60 994 60 993 60 991 60 981 68 969 75 938 69 894 59 893 59 891 59 870 71 855 78 785 77 779 72 767 65 765 65 764 65 762 65 695 74 686 75 680 75 648 69 647 69 645 69 619 77 565 92 543 78 539 75 537 75 536 75 534 75 511 78 481 85 449 80 426 78 425 78 423 78 416 81 379 97 318 85 323 153 323 163 393 170 394 170 446 160 469 156 483 159 499 162 501 162 524 157 577 145 616 145 631 153 641 159 642 159 644 159 645 159 647 159 662 153 689 139 762 138 802 147 818 151 820 151 821 151 847 145 864 142 868 145 877 151 879 151 881 151 882 151 884 151 885 151 896 144 918 130 1075 124 1130 133 1131 135 1169 135 1169 133 1171 133 1190 122 1231 132 1239 133 1241 133 1254 132 1295 124 1312 130 1323 133 1324 133 1326 133 1379 127 1430 121 1517 122 1573 122 1575 122 1576 122 1585 119 1608 112 1623 118 1626 119 1628 119 1629 119 1743 113 1743 92 1740 50 1714 50 1683 33 1670 34"/></Shape>
	    <String CONTENT="a elle lu et relu a houde et intelligible voix leques"
                    HPOS="318"
                    VPOS="33"
                    WIDTH="1425"
                    HEIGHT="137"
                    WC="0.980048473151225"></String>
          </TextLine>
          <TextLine ID="eSc_line_23dbb804"
                    TAGREFS="LT324"
                    BASELINE="329 259 835 218 1316 204 1812 171 2123 165" 
                    HPOS="325"
                    VPOS="110"
                    WIDTH="1798"
                    HEIGHT="166">
            <Shape><Polygon POINTS="329 259 329 267 375 276 376 276 484 259 551 249 572 255 610 265 612 265 613 265 716 247 785 249 786 249 788 249 789 249 800 242 814 235 914 235 918 235 920 235 923 235 991 224 1026 229 1045 232 1046 232 1081 226 1105 223 1117 224 1237 247 1239 247 1569 229 1570 229 1631 203 1707 197 1724 204 1725 204 1727 204 1728 204 1765 189 1774 186 1800 188 1856 191 1857 191 1859 191 1874 183 1878 182 1900 182 1985 185 1986 185 1988 185 2021 176 2023 176 2024 176 2090 183 2091 183 2093 183 2123 170 2123 165 2118 121 1947 130 1942 130 1871 110 1869 110 1868 110 1866 110 1813 136 1809 139 1710 142 1708 142 1678 130 1676 130 1675 130 1673 130 1625 147 1619 150 1424 159 1417 157 1380 148 1379 148 1377 148 1376 148 1347 162 1342 163 1333 162 1292 154 1291 154 1289 154 1265 167 1259 168 1244 167 1136 156 1134 156 1022 176 932 162 931 162 628 179 627 179 578 198 498 186 496 186 495 186 458 206 390 194 388 194 387 194 325 215 329 259"/></Shape>
	    <String CONTENT="elle adit bien entendre ne vercloir rion yajoutee ni demusere"
                    HPOS="325"
                    VPOS="110"
                    WIDTH="1798"
                    HEIGHT="166"
                    WC="0.96842452444014"></String>
          </TextLine>
          <TextLine ID="eSc_line_5c458b20"
                    TAGREFS="LT324"
                    BASELINE="341 367 736 343 976 318 1333 305 1962 259 2232 252" 
                    HPOS="338"
                    VPOS="191"
                    WIDTH="1894"
                    HEIGHT="212">
            <Shape><Polygon POINTS="341 367 343 403 481 396 483 396 486 394 563 362 665 381 680 384 682 384 710 381 712 381 718 378 757 355 876 341 1011 335 1049 346 1051 346 1052 346 1054 346 1096 335 1155 344 1178 347 1180 347 1181 347 1193 341 1213 332 1251 337 1306 344 1307 344 1309 344 1329 335 1517 330 1518 330 1553 314 1575 305 1670 305 1675 305 1676 305 1678 305 1702 294 1739 299 1740 299 1742 299 1771 285 1837 280 1957 274 1988 282 2055 297 2056 297 2058 297 2106 274 2232 262 2232 252 2228 194 2199 191 2197 191 2196 191 2184 197 2143 217 2026 223 1982 211 1957 204 1956 204 1954 204 1787 214 1721 224 1719 224 1717 224 1707 230 1683 245 1591 247 1576 241 1573 239 1572 239 1570 239 1555 242 1473 258 1411 252 1347 247 1345 247 1344 247 1321 259 1303 268 1285 261 1269 256 1268 256 1266 256 1265 256 1231 265 1230 265 1228 265 1196 252 1195 252 1193 252 1155 255 1154 255 1111 274 1107 276 1101 274 1040 261 1038 261 944 267 836 280 835 280 786 297 773 303 601 314 560 314 514 314 470 297 469 297 467 297 435 299 434 299 338 329 341 367"/></Shape>
	    <String CONTENT="caftant revoquant et revrnullant, tour autres testaments quelle"
                    HPOS="338"
                    VPOS="191"
                    WIDTH="1894"
                    HEIGHT="212"
                    WC="0.978038751889789"></String>
          </TextLine>
          <TextLine ID="eSc_line_ed9e832d"
                    TAGREFS="LT324"
                    BASELINE="344 475 1016 423 1338 411 1933 359 2201 346" 
                    HPOS="341"
                    VPOS="283"
                    WIDTH="1860"
                    HEIGHT="237">
            <Shape><Polygon POINTS="344 475 347 520 428 514 429 514 432 513 493 481 527 485 528 485 595 472 631 478 633 478 922 447 1004 461 1042 467 1043 467 1165 447 1195 457 1196 457 1198 457 1350 446 1429 440 1430 440 1471 426 1505 429 1506 429 1508 429 1543 412 1563 402 1632 394 1657 402 1702 417 1704 417 1705 417 1707 417 1775 391 1801 382 1818 387 1830 391 1831 391 1833 391 1834 391 1848 385 1860 379 1868 382 1915 402 1916 402 1918 402 1977 399 1979 399 1980 399 2032 368 2035 365 2201 352 2201 346 2196 303 2132 283 2131 283 2129 283 2128 283 2079 308 2036 291 2035 291 2033 291 2032 291 1971 320 1964 323 1957 321 1938 314 1936 314 1935 314 1933 314 1897 324 1883 329 1851 329 1790 327 1789 327 1787 327 1786 327 1775 335 1774 335 1772 335 1722 317 1721 317 1719 317 1717 317 1669 343 1663 346 1558 353 1550 352 1520 340 1518 340 1517 340 1467 349 1440 338 1438 338 1436 338 1435 338 1379 364 1371 368 1231 376 1228 376 1172 355 1171 355 1169 355 1004 376 802 382 800 382 742 412 736 416 703 416 584 417 583 417 568 425 499 417 498 417 496 417 454 434 449 435 442 435 378 426 376 426 375 426 341 440 344 475"/></Shape>
	    <String CONTENT="pourrais avoir cidivant efait, voulant que le present seul"
                    HPOS="341"
                    VPOS="283"
                    WIDTH="1860"
                    HEIGHT="237"
                    WC="0.9875784927401049"></String>
          </TextLine>
          <TextLine ID="eSc_line_cc514a40"
                    TAGREFS="LT324"
                    BASELINE="335 596 1114 523 1449 502 1555 485 1790 475 2238 423" 
                    HPOS="331"
                    VPOS="368"
                    WIDTH="1907"
                    HEIGHT="269">
            <Shape><Polygon POINTS="335 596 338 637 405 633 407 633 411 631 542 589 636 589 637 589 882 557 943 573 960 578 961 578 963 578 964 578 990 567 1037 551 1075 554 1076 554 1078 554 1148 532 1216 532 1247 540 1288 551 1289 551 1291 551 1361 545 1538 528 1540 528 1587 504 1608 491 1625 496 1626 496 1628 496 1629 496 1661 485 1681 493 1731 510 1733 510 1734 510 1853 499 1854 499 1927 473 1977 472 1979 472 2008 457 2017 452 2047 452 2128 455 2129 455 2238 431 2238 423 2231 378 2140 394 2120 387 2068 368 2067 368 2065 368 2064 368 2006 397 1982 409 1954 405 1953 405 1739 432 1716 426 1714 426 1713 426 1622 443 1579 437 1525 431 1523 431 1522 431 1488 446 1487 447 1481 447 1430 447 1429 447 1427 447 1415 452 1391 464 1364 458 1321 447 1320 447 1218 472 1163 484 1137 478 1051 458 1049 458 1048 458 1013 472 991 464 990 464 988 464 931 469 695 491 694 491 625 526 615 531 598 529 534 519 533 519 531 519 484 537 434 519 432 519 393 519 391 519 390 519 331 552 335 596"/></Shape>
	    <String CONTENT="fubntte et ait son pleir et entiur effet. dout cecte fait et"
                    HPOS="331"
                    VPOS="368"
                    WIDTH="1907"
                    HEIGHT="269"
                    WC="0.9854772965113322"></String>
          </TextLine>
          <TextLine ID="eSc_line_1fe92119"
                    TAGREFS="LT324"
                    BASELINE="329 699 691 666 1765 586 2046 546 2317 522" 
                    HPOS="325"
                    VPOS="472"
                    WIDTH="1994"
                    HEIGHT="268">
            <Shape><Polygon POINTS="329 699 332 740 432 725 458 730 466 731 467 731 786 706 788 706 820 695 918 661 985 671 987 671 1058 661 1083 669 1095 674 1096 674 1098 674 1099 674 1116 666 1148 651 1195 658 1256 668 1257 668 1345 648 1518 646 1520 646 1558 625 1588 620 1611 616 1617 617 1648 627 1649 627 1651 627 1737 624 1739 624 1789 601 1803 593 1857 584 2319 548 2317 522 2313 481 2231 472 2229 472 2228 472 2187 490 2099 490 2097 490 2020 507 1986 513 1976 510 1936 496 1935 496 1933 496 1824 516 1778 511 1777 511 1775 511 1736 531 1710 545 1626 551 1590 545 1517 529 1515 529 1514 529 1450 557 1441 560 1432 558 1409 554 1408 554 1406 554 1379 563 1345 573 1320 567 1248 552 1247 552 970 573 969 573 882 607 868 613 727 624 716 620 694 614 692 614 691 614 689 614 657 627 648 630 639 628 616 624 615 624 613 624 596 631 592 634 574 634 530 633 528 633 325 655 329 699"/></Shape>
	    <String CONTENT="passé audit port de la montagne de es lappartement usdit"
                    HPOS="325"
                    VPOS="472"
                    WIDTH="1994"
                    HEIGHT="268"
                    WC="0.9633404814771244"></String>
          </TextLine>
          <TextLine ID="eSc_line_6fda8d84"
                    TAGREFS="LT324"
                    BASELINE="352 801 495 795 809 751 1777 672 2053 636 2330 617" 
                    HPOS="346"
                    VPOS="563"
                    WIDTH="1984"
                    HEIGHT="267">
            <Shape><Polygon POINTS="352 801 353 830 417 819 435 824 460 830 461 830 463 830 808 800 809 800 858 781 915 762 978 763 979 763 1087 747 1137 754 1203 765 1204 765 1206 765 1256 743 1262 740 1280 740 1303 740 1304 740 1306 740 1315 737 1345 724 1370 731 1376 733 1377 733 1379 733 1570 731 1572 731 1623 707 1643 696 1707 692 1727 696 1787 710 1789 710 1790 710 1854 683 1868 678 1882 681 1945 695 1947 695 1948 695 2006 677 2084 687 2085 687 2087 687 2161 652 2166 651 2330 636 2330 617 2325 576 2234 580 2175 563 2173 563 2172 563 2170 563 2100 590 2062 584 2061 584 2059 584 2032 598 1948 583 1947 583 1792 596 1790 596 1722 625 1666 616 1664 616 1663 616 1590 639 1584 642 1377 658 1373 657 1348 651 1347 651 1345 651 1344 651 1300 665 1291 666 1283 666 1215 655 1213 655 1212 655 1184 668 1139 654 1137 654 1136 654 1064 661 1063 661 1001 687 952 671 950 671 949 671 830 681 829 681 764 710 756 715 715 715 414 718 413 718 346 743 352 801"/></Shape>
	    <String CONTENT="lesvingt deux flocat de lan quatrieme de le Republeque francaine"
                    HPOS="346"
                    VPOS="563"
                    WIDTH="1984"
                    HEIGHT="267"
                    WC="0.954583453014493"></String>
          </TextLine>
          <TextLine ID="eSc_line_3f2af42c"
                    TAGREFS="LT324"
                    BASELINE="356 897 2120 736 2243 730" 
                    HPOS="350"
                    VPOS="671"
                    WIDTH="1893"
                    HEIGHT="252">
            <Shape><Polygon POINTS="356 897 356 907 407 923 408 923 410 923 411 923 449 912 496 920 498 920 770 892 771 892 833 865 835 863 879 860 881 860 960 877 961 877 963 877 1037 847 1078 842 1096 841 1098 841 1131 850 1133 850 1134 850 1216 830 1218 830 1257 841 1259 841 1260 841 1359 824 1412 836 1414 836 1616 818 1617 818 1681 788 1684 786 1705 786 1754 783 1778 791 1780 791 1781 791 1783 791 1833 774 1834 774 1837 774 1912 777 1913 777 1988 762 2021 769 2023 769 2024 769 2242 736 2243 730 2237 686 2166 671 2164 671 2163 671 2100 696 2091 699 2065 699 2009 696 2008 696 2006 696 1979 706 1961 713 1847 716 1825 718 1816 719 1731 734 1596 745 1576 737 1558 731 1556 731 1555 731 1553 731 1537 739 1499 731 1497 731 1438 745 1148 763 1146 763 1119 774 1073 794 947 806 858 812 815 798 806 795 805 795 803 795 802 795 786 801 720 824 641 812 634 812 633 812 631 812 627 813 562 836 478 825 476 825 475 825 350 835 356 897"/></Shape>
	    <String CONTENT="une et indivisible après midé en la presence et continuelle"
                    HPOS="350"
                    VPOS="671"
                    WIDTH="1893"
                    HEIGHT="252"
                    WC="0.9848659866947239"></String>
          </TextLine>
          <TextLine ID="eSc_line_58cfdf27"
                    TAGREFS="LT324"
                    BASELINE="363 1000 747 964 991 929 1301 904 1740 857 2152 825" 
                    HPOS="355"
                    VPOS="777"
                    WIDTH="1797"
                    HEIGHT="263">
            <Shape><Polygon POINTS="363 1000 366 1040 505 1027 507 1027 508 1027 511 1024 534 1011 568 1012 569 1012 703 980 757 997 761 997 762 997 764 997 988 982 990 982 1040 965 1069 955 1087 959 1101 962 1102 962 1104 962 1105 962 1107 962 1117 956 1154 935 1236 935 1236 933 1237 933 1289 920 1368 921 1379 926 1423 939 1424 939 1426 939 1543 929 1544 929 1604 900 1626 889 1638 894 1640 894 1642 894 1643 894 1670 882 1828 868 1868 870 1936 873 1938 873 1939 873 1974 857 1988 851 2152 836 2152 825 2143 777 2128 788 1904 801 1748 824 1701 824 1680 816 1649 804 1648 804 1646 804 1607 807 1605 807 1573 825 1541 844 1497 847 1459 835 1438 829 1436 829 1435 829 1433 829 1412 839 1386 851 1342 845 1295 838 1294 838 1222 853 1171 851 1169 851 1168 851 1166 851 1152 860 1146 865 1140 862 1122 854 1121 854 1119 854 1040 862 1038 862 1017 873 987 886 918 882 917 882 915 882 914 882 874 907 833 911 794 898 792 898 791 898 789 898 738 920 662 901 650 900 648 900 647 900 636 904 592 923 501 915 486 915 484 915 355 927 363 1000"/></Shape>
	    <String CONTENT="sistence des Cit Josgh Rassan offieur de marime"
                    HPOS="355"
                    VPOS="777"
                    WIDTH="1797"
                    HEIGHT="263"
                    WC="0.9725617626880078"></String>
          </TextLine>
          <TextLine ID="eSc_line_28032d73"
                    TAGREFS="LT324"
                    BASELINE="373 1100 496 1093 911 1041 1692 977 2170 914 2343 907" 
                    HPOS="367"
                    VPOS="844"
                    WIDTH="1976"
                    HEIGHT="288">
            <Shape><Polygon POINTS="373 1100 376 1132 598 1112 600 1112 609 1109 648 1090 735 1091 736 1091 738 1091 847 1062 1061 1056 1063 1056 1081 1047 1111 1053 1137 1058 1139 1058 1140 1058 1160 1047 1162 1047 1171 1047 1228 1047 1230 1047 1231 1047 1262 1037 1263 1035 1272 1035 1464 1027 1663 1008 1664 1008 1724 986 1727 983 1754 982 1863 974 1865 974 1878 968 1897 961 1957 961 2014 961 2014 959 2015 959 2035 951 2050 944 2343 917 2343 907 2336 844 2237 844 2235 844 2234 844 2202 859 2187 866 2108 874 2082 871 2041 866 2040 866 2038 866 2017 877 1976 870 1974 870 1865 880 1863 880 1831 898 1801 915 1553 938 1529 930 1522 927 1520 927 1518 927 1517 927 1506 932 1477 945 1453 938 1415 926 1414 926 1412 926 1356 930 1354 930 1303 953 1275 967 1180 974 1163 968 1157 967 1155 967 1154 967 1152 967 1145 970 1128 980 1061 986 1045 982 1002 967 1001 967 999 967 997 967 947 989 899 983 897 983 896 983 856 1000 771 1000 770 1000 768 1000 735 1014 720 1020 704 1017 633 1002 631 1002 581 1006 580 1006 531 1029 416 1035 414 1035 367 1052 373 1100"/></Shape>
	    <String CONTENT="marrhande et d Alexandre Martinel marchand da cette Jle"
                    HPOS="367"
                    VPOS="844"
                    WIDTH="1976"
                    HEIGHT="288"
                    WC="0.9744169267741116"></String>
          </TextLine>
          <TextLine ID="eSc_line_36c5a9ec"
                    TAGREFS="LT324"
                    BASELINE="381 1201 800 1156 1035 1122 1306 1100 1546 1070 1727 1059 2135 1008 2331 991" 
                    HPOS="375"
                    VPOS="947"
                    WIDTH="1956"
                    HEIGHT="287">
            <Shape><Polygon POINTS="381 1201 384 1234 558 1220 560 1220 592 1211 712 1175 1110 1135 1169 1141 1216 1147 1218 1147 1219 1147 1301 1126 1332 1119 1361 1119 1408 1120 1409 1120 1411 1120 1441 1109 1443 1109 1479 1119 1481 1119 1482 1119 1714 1093 1716 1093 1810 1065 1857 1052 1909 1053 1930 1053 1932 1053 1988 1044 2062 1030 2091 1030 2182 1035 2184 1035 2185 1035 2245 1012 2248 1011 2331 1002 2331 991 2324 950 2228 959 2194 948 2193 948 2191 948 2190 948 2169 956 2122 947 2120 947 2118 947 2009 983 2006 985 1775 1011 1730 1014 1693 1015 1669 1008 1667 1008 1666 1008 1664 1008 1638 1021 1576 1011 1575 1011 1465 1026 1418 1021 1417 1021 1415 1021 1338 1041 1282 1037 1280 1037 1060 1061 1058 1061 1014 1084 906 1078 905 1078 903 1078 850 1097 824 1094 823 1094 821 1094 767 1117 754 1122 735 1120 647 1114 645 1114 587 1117 586 1117 533 1135 498 1126 496 1126 495 1126 437 1129 435 1129 375 1158 381 1201"/></Shape>
	    <String CONTENT="demeurant lun et lautre audit Pert du nordouest temonis"
                    HPOS="375"
                    VPOS="947"
                    WIDTH="1956"
                    HEIGHT="287"
                    WC="0.9847229816696861"></String>
          </TextLine>
          <TextLine ID="eSc_line_bb4d84f1"
                    TAGREFS="LT324"
                    BASELINE="381 1298 736 1261 946 1226 1236 1193 1746 1150 2015 1109 2281 1088" 
                    HPOS="375"
                    VPOS="1029"
                    WIDTH="1906"
                    HEIGHT="308">
            <Shape><Polygon POINTS="381 1298 384 1337 634 1311 636 1311 651 1305 741 1269 812 1263 814 1263 846 1249 868 1255 870 1255 871 1255 1064 1226 1116 1234 1117 1234 1189 1219 1280 1226 1292 1226 1294 1226 1345 1217 1385 1211 1391 1213 1452 1226 1453 1226 1543 1219 1544 1219 1593 1197 1642 1208 1643 1208 1722 1201 1724 1201 1789 1173 1894 1156 1895 1156 1918 1146 1941 1134 2030 1131 2099 1128 2100 1128 2102 1128 2112 1120 2117 1117 2280 1099 2281 1088 2275 1044 2213 1029 2211 1029 2210 1029 2208 1029 2120 1056 2096 1050 2094 1050 2093 1050 2091 1050 2058 1062 1979 1053 1977 1053 1862 1065 1860 1065 1806 1096 1795 1102 1742 1108 1710 1106 1629 1100 1628 1100 1626 1100 1625 1100 1608 1111 1468 1114 1467 1114 1430 1128 1402 1119 1400 1119 1398 1119 1397 1119 1374 1128 1292 1125 1291 1125 1289 1125 1288 1125 1244 1152 1174 1137 1172 1137 1086 1158 969 1158 967 1158 966 1158 896 1194 890 1197 571 1229 565 1229 507 1225 505 1225 504 1225 472 1240 470 1240 467 1240 431 1234 429 1234 428 1234 375 1249 381 1298"/></Shape>
	    <String CONTENT="requis qui out tigné avec ledit notaire, non la testatrice"
                    HPOS="375"
                    VPOS="1029"
                    WIDTH="1906"
                    HEIGHT="308"
                    WC="0.9712583813174017"></String>
          </TextLine>
          <TextLine ID="eSc_line_661daac0"
                    TAGREFS="LT324"
                    BASELINE="384 1401 791 1357 984 1325 1155 1310 1678 1241 2135 1191 2252 1185" 
                    HPOS="379"
                    VPOS="1150"
                    WIDTH="1873"
                    HEIGHT="284">
            <Shape><Polygon POINTS="384 1401 387 1434 419 1433 420 1433 423 1431 475 1402 565 1404 566 1404 721 1372 767 1381 768 1381 770 1381 798 1368 923 1360 1052 1333 1134 1337 1155 1339 1157 1339 1158 1339 1175 1333 1212 1319 1234 1325 1269 1333 1271 1333 1529 1302 1663 1286 1664 1286 1705 1263 1724 1252 1834 1240 1854 1243 1900 1251 1901 1251 1903 1251 1944 1231 1953 1226 2077 1213 2082 1213 2138 1225 2140 1225 2141 1225 2193 1201 2251 1190 2252 1185 2246 1150 2131 1153 2129 1153 2077 1170 2074 1170 2017 1153 2015 1153 2014 1153 2012 1153 1947 1181 1850 1175 1848 1175 1847 1175 1737 1202 1625 1202 1623 1202 1622 1202 1584 1216 1512 1213 1511 1213 1509 1213 1471 1225 1452 1220 1450 1220 1449 1220 1280 1240 1278 1240 1149 1278 1090 1276 1089 1276 1087 1276 1011 1296 1010 1296 1008 1296 874 1295 873 1295 871 1295 811 1320 683 1336 627 1342 625 1342 566 1331 565 1331 563 1331 530 1349 413 1358 411 1358 379 1371 384 1401"/></Shape>
	    <String CONTENT="qui adecleru infavoir cerne ni signer de ce intupellée et"
                    HPOS="379"
                    VPOS="1150"
                    WIDTH="1873"
                    HEIGHT="284"
                    WC="0.9903326515565839"></String>
          </TextLine>
          <TextLine ID="eSc_line_d11d642f"
                    TAGREFS="LT324"
                    BASELINE="1376 1378 1526 1355 1734 1340 1974 1304 2267 1278" 
                    HPOS="1370"
                    VPOS="1222"
                    WIDTH="897"
                    HEIGHT="185">
            <Shape><Polygon POINTS="1379 1407 1432 1404 1433 1404 1441 1401 1471 1387 1505 1392 1561 1401 1563 1401 1564 1401 1566 1401 1581 1387 1601 1396 1602 1396 1604 1396 1755 1380 1757 1380 1758 1380 1796 1354 1818 1340 1865 1336 1904 1340 1923 1342 1942 1358 1944 1358 1945 1358 1947 1358 1992 1354 1994 1354 1995 1354 1995 1352 2027 1323 2035 1317 2056 1320 2064 1320 2065 1320 2267 1292 2267 1278 2263 1238 2211 1222 2210 1222 2208 1222 2167 1226 2166 1226 2164 1226 2164 1228 2140 1251 2138 1254 2077 1258 2074 1257 2047 1240 2046 1240 2044 1240 2043 1240 2041 1240 2040 1240 2040 1241 2017 1261 2012 1266 2000 1263 1973 1258 1971 1258 1970 1258 1944 1269 1935 1273 1850 1276 1845 1276 1828 1269 1827 1269 1825 1269 1824 1269 1822 1269 1822 1270 1812 1281 1803 1290 1751 1295 1728 1289 1698 1278 1696 1278 1695 1278 1654 1282 1652 1282 1620 1298 1597 1308 1582 1301 1573 1298 1572 1298 1570 1298 1569 1298 1556 1304 1538 1311 1526 1307 1518 1304 1517 1304 1515 1304 1514 1304 1512 1304 1512 1305 1509 1308 1499 1317 1473 1311 1447 1305 1446 1305 1403 1310 1402 1310 1400 1310 1389 1319 1380 1325 1370 1320 1376 1378 1379 1407"/></Shape>
	    <String CONTENT="letout fait deseute et le"
                    HPOS="1370"
                    VPOS="1222"
                    WIDTH="897"
                    HEIGHT="185"
                    WC="0.9925835776329041"></String>
          </TextLine>
          <TextLine ID="eSc_line_1e4d8b04"
                    TAGREFS="LT324"
                    BASELINE="390 1507 548 1495 818 1457 991 1425 1345 1387" 
                    HPOS="382"
                    VPOS="1325"
                    WIDTH="965"
                    HEIGHT="216">
            <Shape><Polygon POINTS="390 1507 391 1527 411 1527 431 1541 432 1541 434 1541 435 1541 437 1541 527 1515 607 1519 609 1519 707 1507 709 1507 789 1478 806 1472 833 1472 865 1472 867 1472 868 1472 888 1465 917 1454 1013 1443 1022 1448 1022 1450 1023 1450 1025 1450 1026 1450 1028 1450 1043 1446 1089 1434 1111 1437 1148 1442 1149 1442 1151 1442 1152 1442 1168 1430 1175 1424 1189 1428 1201 1431 1203 1431 1204 1431 1206 1431 1239 1422 1271 1437 1272 1437 1274 1437 1275 1437 1277 1437 1303 1415 1347 1407 1345 1387 1335 1325 1303 1336 1265 1334 1221 1331 1219 1331 1136 1348 1121 1342 1119 1342 1117 1342 935 1364 934 1364 932 1364 932 1366 931 1366 922 1377 905 1398 888 1393 887 1393 885 1393 884 1393 882 1393 859 1413 729 1428 710 1415 709 1415 707 1415 706 1415 704 1415 703 1415 703 1416 686 1434 598 1437 596 1437 577 1446 555 1439 554 1439 552 1439 551 1439 504 1456 467 1440 466 1440 464 1440 463 1440 461 1440 435 1456 382 1446 390 1507"/></Shape>
	    <String CONTENT="requise suivant lordonnance"
                    HPOS="382"
                    VPOS="1325"
                    WIDTH="965"
                    HEIGHT="216"
                    WC="0.9959374798668755"></String>
          </TextLine>
          <TextLine ID="eSc_line_029c3c1c"
                    TAGREFS="LT324"
                    BASELINE="391 1610 601 1595 735 1569 1403 1478 2235 1390" 
                    HPOS="384"
                    VPOS="1342"
                    WIDTH="1851"
                    HEIGHT="300">
            <Shape><Polygon POINTS="391 1610 394 1642 454 1638 455 1638 461 1636 493 1621 558 1623 584 1623 586 1623 792 1598 794 1598 811 1589 861 1560 975 1548 993 1554 994 1554 996 1554 1073 1539 1116 1548 1117 1548 1119 1548 1121 1548 1124 1548 1168 1533 1192 1539 1204 1541 1206 1541 1207 1541 1222 1535 1275 1512 1440 1494 1479 1497 1481 1497 1482 1497 1517 1486 1544 1492 1558 1494 1560 1494 1622 1483 1670 1495 1672 1495 1673 1495 1675 1495 1739 1468 1827 1477 1828 1477 1970 1460 1971 1460 2041 1425 2050 1421 2105 1416 2108 1416 2131 1424 2132 1424 2134 1424 2135 1424 2137 1424 2156 1410 2158 1410 2163 1410 2214 1410 2216 1410 2217 1410 2235 1399 2235 1390 2228 1343 2122 1358 2111 1355 2068 1342 2067 1342 2065 1342 2064 1342 2018 1366 2006 1372 1986 1371 1954 1366 1953 1366 1889 1381 1866 1386 1857 1384 1789 1368 1787 1368 1786 1368 1704 1401 1683 1410 1645 1409 1566 1404 1564 1404 1563 1404 1540 1413 1477 1404 1476 1404 1354 1427 1324 1422 1323 1422 1080 1451 1078 1451 1031 1478 1008 1491 817 1512 792 1504 754 1492 753 1492 751 1492 750 1492 748 1492 716 1513 715 1513 712 1513 651 1510 650 1510 648 1510 621 1524 609 1530 592 1527 549 1519 548 1519 546 1519 478 1541 449 1550 384 1550 391 1610"/></Shape>
	    <String CONTENT="present délivré en trevet a la testatiiie à sa requisition"
                    HPOS="384"
                    VPOS="1342"
                    WIDTH="1851"
                    HEIGHT="300"
                    WC="0.992802559301771"></String>
          </TextLine>
          <TextLine ID="eSc_line_7a734637"
                    TAGREFS="LT324"
                    BASELINE="394 1714 656 1697" 
                    HPOS="390"
                    VPOS="1626"
                    WIDTH="266"
                    HEIGHT="104">
            <Shape><Polygon POINTS="394 1714 394 1730 656 1711 656 1697 650 1627 616 1626 615 1626 613 1626 612 1626 603 1633 586 1645 565 1645 536 1642 475 1636 473 1636 472 1636 470 1636 470 1638 469 1638 463 1647 446 1642 445 1642 443 1642 442 1642 440 1642 440 1644 425 1659 422 1664 390 1664 394 1714"/></Shape>
	    <String CONTENT="eapuse"
                    HPOS="390"
                    VPOS="1626"
                    WIDTH="266"
                    HEIGHT="104"
                    WC="0.9847905536492666"></String>
          </TextLine>
          <TextLine ID="eSc_line_40afaeda"
                    TAGREFS="LT324"
                    BASELINE="718 1668 1353 1594 1575 1556 2272 1495" 
                    HPOS="712"
                    VPOS="1422"
                    WIDTH="1561"
                    HEIGHT="277">
            <Shape><Polygon POINTS="718 1668 721 1699 973 1674 975 1674 985 1670 1049 1636 1107 1642 1108 1642 1192 1629 1225 1633 1227 1633 1228 1633 1230 1633 1265 1612 1555 1583 1631 1586 1632 1586 1702 1574 1725 1580 1734 1583 1736 1583 1737 1585 1845 1585 1845 1583 1932 1574 1933 1574 1935 1574 1954 1559 1988 1565 1989 1565 1991 1565 1992 1565 2017 1547 2027 1538 2071 1535 2082 1539 2118 1554 2120 1554 2122 1554 2123 1554 2181 1527 2202 1516 2273 1516 2272 1495 2263 1422 2138 1436 2137 1436 2131 1439 2099 1454 2043 1454 2041 1454 2040 1454 1971 1487 1916 1475 1915 1475 1913 1475 1912 1475 1889 1494 1847 1474 1831 1468 1830 1468 1828 1468 1796 1471 1690 1483 1689 1483 1687 1483 1664 1498 1634 1516 1610 1504 1602 1501 1601 1501 1599 1501 1597 1501 1582 1509 1546 1525 1500 1518 1435 1509 1433 1509 1406 1512 1405 1512 1403 1512 1368 1536 1367 1536 1364 1536 1312 1528 1310 1528 1309 1528 1307 1528 1288 1541 1218 1531 1216 1531 1215 1531 1213 1531 1163 1562 1140 1576 712 1618 718 1668"/></Shape>
	    <String CONTENT="au dessous est cent le mot Rassan surchargé"
                    HPOS="712"
                    VPOS="1422"
                    WIDTH="1561"
                    HEIGHT="277"
                    WC="0.9769807873770248"></String>
          </TextLine>
          <TextLine ID="eSc_line_8161174b"
                    TAGREFS="LT324"
                    BASELINE="402 1805 610 1793 871 1752 1301 1711 1705 1647 1875 1630 2088 1620" 
                    HPOS="397"
                    VPOS="1565"
                    WIDTH="1693"
                    HEIGHT="294">
            <Shape><Polygon POINTS="402 1805 408 1859 464 1855 466 1855 469 1853 531 1818 580 1826 581 1826 583 1826 663 1805 715 1822 727 1825 729 1825 730 1825 767 1820 768 1820 770 1820 780 1812 809 1794 840 1800 841 1800 922 1785 981 1785 1055 1787 1057 1787 1058 1787 1060 1787 1078 1773 1110 1749 1134 1744 1288 1735 1289 1735 1291 1735 1301 1727 1332 1732 1333 1732 1591 1692 1628 1700 1683 1711 1684 1711 1686 1711 1769 1685 1841 1695 1842 1695 2000 1677 2002 1677 2090 1638 2088 1620 2082 1576 2005 1582 1959 1565 1957 1565 1956 1565 1954 1565 1885 1594 1842 1591 1841 1591 1839 1591 1837 1591 1816 1604 1705 1594 1704 1594 1678 1597 1676 1597 1675 1597 1645 1618 1532 1613 1531 1613 1529 1613 1505 1626 1484 1620 1482 1620 1481 1620 1408 1629 1406 1629 1405 1629 1362 1658 1361 1659 1297 1667 1139 1683 1136 1683 1010 1674 1008 1674 943 1682 941 1682 940 1682 890 1712 888 1714 852 1717 826 1718 774 1702 773 1702 771 1702 694 1720 659 1715 657 1715 656 1715 601 1735 574 1726 572 1726 571 1726 483 1735 481 1735 480 1735 442 1761 397 1768 402 1805"/></Shape>
	    <String CONTENT="appronné tegue Rlasant Martinet et Bruim notaire"
                    HPOS="397"
                    VPOS="1565"
                    WIDTH="1693"
                    HEIGHT="294"
                    WC="0.9607715507348379"></String>
          </TextLine>
          <TextLine ID="eSc_line_bf618af5"
                    TAGREFS="LT324"
                    BASELINE="836 1887 981 1878 1345 1831 1755 1790 2339 1743" 
                    HPOS="827"
                    VPOS="1680"
                    WIDTH="1512"
                    HEIGHT="236">
            <Shape><Polygon POINTS="2328 1692 2311 1688 2296 1683 2287 1680 2283 1680 2281 1680 2280 1680 2278 1680 2267 1689 2266 1689 2264 1689 2219 1682 2217 1682 2216 1682 2214 1682 2199 1694 2194 1699 2163 1700 2153 1697 2106 1680 2105 1680 2103 1680 2102 1680 2046 1706 2033 1711 2021 1708 1994 1700 1992 1700 1991 1700 1989 1700 1965 1711 1915 1694 1913 1694 1912 1694 1910 1694 1857 1720 1847 1724 1837 1721 1784 1703 1783 1703 1781 1703 1780 1703 1778 1703 1752 1721 1724 1718 1722 1718 1721 1718 1719 1718 1708 1727 1493 1730 1447 1735 1446 1735 1444 1735 1421 1752 1391 1774 1254 1787 1227 1779 1225 1779 1224 1779 1222 1779 1198 1793 1140 1797 1067 1779 1066 1779 1064 1779 1063 1779 1022 1797 1001 1788 999 1788 997 1788 827 1796 836 1887 840 1916 885 1899 912 1907 914 1907 915 1907 917 1907 967 1888 1028 1894 1081 1900 1083 1900 1323 1878 1324 1878 1326 1878 1342 1867 1368 1873 1370 1873 1371 1873 1499 1861 1500 1861 1502 1861 1538 1838 1566 1822 1616 1818 1637 1828 1638 1828 1640 1828 1642 1828 1643 1828 1648 1826 1689 1812 1721 1817 1722 1817 1818 1800 1844 1805 1865 1808 1866 1808 1868 1808 1900 1799 1933 1788 1974 1790 2006 1791 2008 1791 2009 1791 2021 1785 2030 1779 2191 1765 2194 1765 2223 1771 2225 1771 2339 1749 2339 1743 2333 1694 2328 1692"/></Shape>
	    <String CONTENT="Enregistré par moi Guffier du libunal civit cle lhle"
                    HPOS="827"
                    VPOS="1680"
                    WIDTH="1512"
                    HEIGHT="236"
                    WC="0.9761648097863564"></String>
          </TextLine>
          <TextLine ID="eSc_line_14611dc5"
                    TAGREFS="LT324"
                    BASELINE="867 1981 1049 1973 1676 1905 2281 1859" 
                    HPOS="861"
                    VPOS="1803"
                    WIDTH="1420"
                    HEIGHT="213">
            <Shape><Polygon POINTS="867 1981 870 2016 956 2010 958 2010 961 2008 999 1989 1083 1987 1084 1987 1086 1987 1093 1979 1113 1985 1114 1985 1116 1985 1206 1973 1224 1981 1230 1984 1231 1984 1233 1984 1275 1981 1277 1981 1278 1981 1289 1975 1313 1960 1382 1963 1383 1963 1385 1963 1386 1963 1406 1948 1490 1943 1491 1943 1493 1943 1508 1934 1570 1940 1572 1940 1670 1925 1698 1932 1717 1937 1719 1937 1721 1937 1722 1937 1743 1926 1781 1908 1882 1900 1939 1907 2009 1914 2011 1914 2012 1914 2014 1914 2038 1896 2049 1890 2097 1890 2141 1890 2143 1890 2144 1890 2156 1884 2167 1878 2281 1870 2281 1859 2272 1815 2251 1831 2228 1831 2205 1822 2163 1806 2161 1806 2160 1806 2158 1806 2118 1828 2085 1846 2061 1832 2005 1803 2003 1803 2002 1803 1707 1831 1705 1831 1704 1831 1657 1864 1637 1879 1427 1888 1426 1888 1424 1888 1397 1910 1151 1920 1149 1920 1114 1934 1052 1932 1051 1932 1049 1932 1013 1941 958 1926 956 1926 955 1926 953 1926 929 1938 900 1923 896 1922 894 1922 893 1922 861 1926 867 1981"/></Shape>
	    <String CONTENT="de france soussigné ue une expedition du dit"
                    HPOS="861"
                    VPOS="1803"
                    WIDTH="1420"
                    HEIGHT="213"
                    WC="0.984983510591767"></String>
          </TextLine>
          <TextLine ID="eSc_line_06d4f0fd"
                    TAGREFS="LT324"
                    BASELINE="885 2089 1067 2078 1450 2034 1613 2008 2211 1952 2357 1944" 
                    HPOS="881"
                    VPOS="1905"
                    WIDTH="1476"
                    HEIGHT="210">
            <Shape><Polygon POINTS="885 2089 888 2115 1108 2099 1110 2099 1111 2099 1127 2089 1151 2072 1272 2072 1272 2071 1430 2042 1462 2051 1490 2058 1491 2058 1493 2058 1494 2058 1496 2058 1514 2045 1532 2031 1601 2025 1626 2031 1628 2031 1629 2031 1693 2020 1714 2022 1798 2031 1800 2031 1856 2023 1857 2023 1900 2001 1907 1998 1932 1998 2091 2002 2093 2002 2094 2002 2152 1973 2155 1970 2170 1970 2245 1969 2357 1949 2357 1944 2351 1907 2299 1914 2286 1913 2246 1905 2245 1905 2243 1905 2207 1920 2194 1925 2179 1923 2120 1913 2118 1913 2117 1913 2076 1932 2070 1935 2067 1934 2026 1916 2024 1916 2023 1916 1995 1917 1892 1928 1891 1928 1824 1958 1812 1963 1795 1961 1705 1946 1704 1946 1640 1960 1570 1960 1569 1960 1567 1960 1531 1978 1488 1969 1487 1969 1485 1969 1435 1996 1424 2002 1335 2010 1321 2007 1307 2004 1306 2004 1304 2004 1303 2004 1291 2010 1283 2014 1259 2013 1230 2011 1228 2011 1227 2011 1210 2017 1195 2023 1183 2020 1154 2014 1152 2014 1151 2014 1149 2014 1131 2025 1122 2031 1013 2042 1002 2039 973 2028 972 2028 970 2028 969 2028 967 2028 946 2043 944 2045 943 2045 922 2037 920 2037 918 2037 917 2037 881 2049 885 2089"/></Shape>
	    <String CONTENT="testement legnie du cet Buin Notarie qui en"
                    HPOS="881"
                    VPOS="1905"
                    WIDTH="1476"
                    HEIGHT="210"
                    WC="0.9972877419272135"></String>
          </TextLine>
          <TextLine ID="eSc_line_deade3f2"
                    TAGREFS="LT324"
                    BASELINE="887 2181 1327 2142 1418 2125 1651 2104 1760 2084 2049 2052 2281 2034" 
                    HPOS="882"
                    VPOS="1995"
                    WIDTH="1399"
                    HEIGHT="220">
            <Shape><Polygon POINTS="887 2181 888 2215 997 2198 1035 2200 1057 2200 1058 2200 1060 2200 1076 2195 1146 2172 1203 2178 1204 2178 1206 2178 1269 2156 1306 2166 1307 2166 1309 2166 1310 2166 1362 2139 1423 2143 1424 2143 1575 2124 1617 2130 1623 2130 1625 2130 1626 2130 1632 2128 1689 2107 1713 2118 1746 2133 1748 2133 1749 2133 1751 2133 1804 2107 1815 2102 1825 2104 1888 2119 1889 2119 2017 2107 2018 2107 2020 2107 2056 2077 2065 2069 2281 2049 2281 2034 2273 1996 2249 2005 2235 1999 2223 1995 2222 1995 2220 1995 2219 1995 2202 2004 2199 2005 2188 2005 2114 2005 2112 2005 2111 2005 2109 2005 2096 2014 2085 2020 2062 2017 2018 2011 2017 2011 2015 2011 1962 2028 1959 2028 1956 2028 1907 2020 1906 2020 1904 2020 1903 2020 1877 2036 1868 2042 1856 2039 1815 2028 1813 2028 1812 2028 1810 2028 1778 2037 1736 2022 1734 2022 1733 2022 1731 2022 1730 2022 1707 2037 1642 2031 1640 2031 1502 2045 1500 2045 1499 2045 1484 2057 1455 2049 1453 2049 1452 2049 1326 2061 1324 2061 1207 2105 1200 2108 1061 2121 1058 2121 1032 2112 1031 2112 1029 2112 1028 2112 1026 2112 1010 2125 1008 2127 882 2137 887 2181"/></Shape>
	    <String CONTENT="ent depositaire, ladette enpeditiont par mai"
                    HPOS="882"
                    VPOS="1995"
                    WIDTH="1399"
                    HEIGHT="220"
                    WC="0.967013727534901"></String>
          </TextLine>
          <TextLine ID="eSc_line_cca3b892"
                    TAGREFS="LT324"
                    BASELINE="1739 2190 2023 2168 2090 2152 2257 2131 2377 2124" 
                    HPOS="1734"
                    VPOS="2072"
                    WIDTH="643"
                    HEIGHT="164">
            <Shape><Polygon POINTS="1739 2190 1742 2236 1807 2231 1809 2231 1810 2231 1810 2230 1813 2227 1819 2221 1827 2225 1834 2228 1836 2228 1837 2228 1880 2224 1882 2224 1883 2224 1892 2215 1904 2204 1924 2210 1948 2218 1950 2218 1951 2218 2012 2212 2014 2212 2015 2212 2015 2210 2017 2210 2029 2195 2043 2178 2061 2189 2070 2197 2071 2197 2073 2197 2074 2197 2076 2197 2077 2197 2093 2184 2106 2174 2117 2181 2143 2195 2144 2195 2146 2195 2147 2195 2149 2195 2178 2172 2196 2157 2377 2140 2377 2124 2366 2072 2339 2092 2319 2083 2317 2083 2316 2083 2314 2083 2275 2093 2219 2092 2217 2092 2216 2092 2152 2113 2137 2101 2129 2095 2128 2095 2126 2095 2125 2095 2103 2096 2102 2096 2100 2096 2100 2098 2099 2098 2091 2107 2081 2121 2040 2124 2005 2118 1961 2110 1959 2110 1957 2110 1956 2110 1956 2112 1941 2125 1929 2121 1927 2121 1926 2121 1924 2121 1923 2121 1923 2122 1915 2130 1907 2137 1877 2140 1851 2140 1847 2137 1830 2124 1828 2124 1827 2124 1825 2124 1780 2127 1778 2127 1734 2149 1739 2190"/></Shape>
	    <String CONTENT="fur ccille du present"
                    HPOS="1734"
                    VPOS="2072"
                    WIDTH="643"
                    HEIGHT="164"
                    WC="0.9608364871570042"></String>
          </TextLine>
          <TextLine ID="eSc_line_820b43b3"
                    TAGREFS="LT324"
                    BASELINE="893 2272 1101 2260 1690 2203" 
                    HPOS="888"
                    VPOS="2151"
                    WIDTH="805"
                    HEIGHT="161">
            <Shape><Polygon POINTS="893 2272 894 2301 960 2297 963 2298 978 2312 979 2312 981 2312 982 2312 984 2312 985 2312 994 2304 1020 2312 1022 2312 1023 2312 1025 2312 1045 2301 1054 2309 1055 2309 1057 2309 1058 2309 1140 2301 1142 2301 1143 2301 1143 2300 1157 2286 1165 2277 1318 2263 1411 2269 1446 2271 1447 2271 1476 2265 1499 2260 1511 2262 1526 2265 1528 2265 1529 2265 1531 2265 1535 2260 1543 2254 1558 2259 1561 2260 1563 2260 1564 2260 1693 2250 1690 2203 1683 2157 1663 2166 1655 2160 1645 2151 1643 2151 1642 2151 1640 2151 1588 2156 1587 2156 1585 2156 1573 2166 1556 2181 1487 2187 1452 2177 1435 2172 1433 2172 1432 2172 1430 2172 1429 2172 1420 2180 1405 2193 1228 2212 1183 2201 1160 2197 1158 2197 1157 2197 1134 2206 1093 2222 1067 2212 1052 2206 1051 2206 1049 2206 984 2212 982 2212 981 2212 981 2213 979 2213 975 2219 967 2228 888 2228 893 2272"/></Shape>
	    <String CONTENT="renduc après meution faite"
                    HPOS="888"
                    VPOS="2151"
                    WIDTH="805"
                    HEIGHT="161"
                    WC="0.9714180322793814"></String>
          </TextLine>
          <TextLine ID="eSc_line_7a980b93"
                    TAGREFS="LT324"
                    BASELINE="903 2376 1274 2344" 
                    HPOS="899"
                    VPOS="2288"
                    WIDTH="375"
                    HEIGHT="106">
            <Shape><Polygon POINTS="903 2388 918 2394 920 2394 922 2394 985 2382 1008 2377 1022 2379 1045 2383 1046 2383 1087 2376 1125 2368 1181 2370 1203 2370 1204 2370 1206 2370 1212 2368 1244 2357 1272 2364 1274 2344 1268 2294 1257 2288 1256 2288 1254 2288 1253 2288 1251 2288 1241 2297 1237 2300 1154 2306 1148 2303 1134 2295 1133 2295 1131 2295 1130 2295 1089 2306 1067 2310 1048 2307 1022 2304 1020 2304 1019 2304 1001 2310 967 2323 947 2313 943 2312 941 2312 940 2312 938 2312 932 2315 914 2323 899 2316 903 2376 903 2388"/></Shape>
	    <String CONTENT="enregistiement"
                    HPOS="899"
                    VPOS="2288"
                    WIDTH="375"
                    HEIGHT="106"
                    WC="0.9789082152502877"></String>
          </TextLine>
          <TextLine ID="eSc_line_19e6cc6f"
                    TAGREFS="LT324"
                    BASELINE="874 2456 1514 2385 1841 2336 2331 2306" 
                    HPOS="867"
                    VPOS="2254"
                    WIDTH="1464"
                    HEIGHT="226">
            <Shape><Polygon POINTS="2321 2254 2302 2265 2232 2263 2217 2263 2216 2263 2214 2263 2205 2266 2166 2277 2138 2272 2126 2271 2125 2271 2123 2271 2112 2275 2079 2289 2059 2280 1997 2254 1995 2254 1994 2254 1897 2262 1661 2286 1660 2286 1613 2312 1564 2306 1563 2306 1561 2306 1560 2306 1523 2335 1506 2345 1441 2342 1427 2342 1426 2342 1389 2347 1333 2356 1324 2354 1292 2345 1291 2345 1289 2345 1237 2348 1154 2361 1152 2361 1151 2361 1133 2373 1124 2380 1042 2395 923 2406 893 2397 882 2394 881 2394 879 2394 877 2394 867 2398 874 2456 876 2473 900 2480 902 2480 903 2480 905 2480 938 2467 949 2462 970 2462 1001 2464 1002 2464 1004 2464 1023 2458 1035 2452 1078 2452 1271 2444 1272 2444 1274 2444 1300 2427 1324 2438 1326 2438 1327 2438 1392 2432 1394 2432 1438 2414 1449 2417 1450 2417 1452 2417 1453 2417 1455 2417 1465 2409 1484 2397 1528 2402 1529 2402 1531 2402 1532 2402 1535 2402 1579 2388 1597 2394 1628 2406 1629 2406 1631 2406 1752 2395 1754 2395 1755 2395 1789 2373 1804 2364 2006 2344 2021 2348 2070 2362 2071 2362 2073 2362 2112 2359 2114 2359 2170 2332 2175 2330 2191 2330 2263 2330 2263 2329 2331 2313 2331 2306 2322 2254 2321 2254"/></Shape>
	    <String CONTENT="ausoit du nord dient le enq fruccedor au quatre"
                    HPOS="867"
                    VPOS="2254"
                    WIDTH="1464"
                    HEIGHT="226"
                    WC="0.9548350242858238"></String>
          </TextLine>
          <TextLine ID="eSc_line_68b9d726"
                    TAGREFS="LT324"
                    BASELINE="881 2537 1219 2515 1923 2438" 
                    HPOS="876"
                    VPOS="2382"
                    WIDTH="1048"
                    HEIGHT="211">
            <Shape><Polygon POINTS="881 2537 885 2593 1022 2587 1023 2587 1025 2587 1025 2585 1031 2581 1042 2569 1057 2578 1063 2582 1064 2582 1066 2582 1067 2582 1201 2569 1203 2569 1204 2569 1215 2561 1250 2538 1277 2535 1309 2534 1330 2547 1332 2547 1333 2547 1335 2547 1336 2547 1385 2526 1435 2532 1436 2532 1438 2532 1440 2532 1459 2517 1502 2514 1596 2521 1628 2524 1629 2524 1631 2524 1632 2524 1640 2517 1654 2508 1683 2509 1684 2509 1686 2509 1687 2509 1687 2508 1704 2493 1742 2490 1871 2490 1872 2490 1874 2490 1875 2490 1875 2488 1877 2488 1885 2479 1924 2488 1923 2438 1913 2382 1875 2400 1850 2392 1848 2392 1847 2392 1845 2392 1844 2392 1827 2403 1810 2397 1809 2397 1807 2397 1806 2397 1804 2397 1804 2398 1803 2398 1795 2409 1742 2414 1714 2405 1713 2405 1711 2405 1710 2405 1680 2421 1546 2433 1508 2426 1502 2426 1500 2426 1499 2426 1491 2429 1455 2442 1435 2435 1398 2421 1397 2421 1395 2421 1342 2435 1341 2435 1339 2435 1326 2447 1313 2456 1301 2449 1289 2442 1288 2442 1231 2438 1230 2438 1228 2438 1227 2438 1210 2449 1171 2446 1169 2446 1168 2446 1166 2446 1148 2458 1111 2450 1110 2450 975 2464 973 2464 972 2464 943 2482 918 2474 917 2474 915 2474 914 2474 912 2474 912 2476 894 2494 894 2496 876 2496 881 2537"/></Shape>
	    <String CONTENT="de la Nepublique francaise une et ni"
                    HPOS="876"
                    VPOS="2382"
                    WIDTH="1048"
                    HEIGHT="211"
                    WC="0.954155241449674"></String>
          </TextLine>
          <TextLine ID="eSc_line_9b975307"
                    TAGREFS="LT324"
                    BASELINE="1950 2493 2211 2482" 
                    HPOS="1945"
                    VPOS="2394"
                    WIDTH="266"
                    HEIGHT="111">
            <Shape><Polygon POINTS="1950 2493 1950 2503 2059 2505 2061 2505 2149 2493 2194 2499 2196 2499 2197 2499 2199 2499 2211 2490 2211 2482 2205 2415 2094 2423 2090 2420 2064 2395 2064 2394 2062 2394 2061 2394 2059 2394 2017 2395 1992 2398 1991 2398 1989 2398 1989 2400 1967 2424 1965 2426 1945 2426 1950 2493"/></Shape>
	    <String CONTENT="Pousson"
                    HPOS="1945"
                    VPOS="2394"
                    WIDTH="266"
                    HEIGHT="111"
                    WC="0.9860156263623919"></String>
          </TextLine>
          <TextLine ID="eSc_line_5b0aa226"
                    TAGREFS="LT324"
                    BASELINE="1269 2719 1430 2707" 
                    HPOS="1266"
                    VPOS="2669"
                    WIDTH="164"
                    HEIGHT="60">
            <Shape><Polygon POINTS="1269 2729 1430 2719 1430 2707 1424 2669 1365 2679 1321 2673 1306 2672 1304 2672 1303 2672 1301 2672 1298 2675 1283 2685 1266 2676 1269 2719 1269 2729"/></Shape>
	    <String CONTENT="luise"
                    HPOS="1266"
                    VPOS="2669"
                    WIDTH="164"
                    HEIGHT="60"
                    WC="0.9992921710014343"></String>
          </TextLine>
          <TextLine ID="eSc_line_d98ed3ea"
                    TAGREFS="LT324"
                    BASELINE="1477 2698 1894 2679" 
                    HPOS="1476"
                    VPOS="2643"
                    WIDTH="418"
                    HEIGHT="74">
            <Shape><Polygon POINTS="1477 2698 1477 2710 1541 2714 1543 2714 1544 2714 1561 2708 1563 2707 1564 2708 1573 2716 1575 2716 1576 2716 1578 2717 1616 2717 1616 2716 1617 2716 1640 2705 1645 2704 1649 2705 1672 2711 1673 2711 1675 2711 1734 2702 1765 2698 1783 2701 1810 2705 1812 2705 1894 2696 1894 2679 1891 2652 1828 2643 1827 2643 1825 2643 1800 2655 1795 2655 1663 2652 1661 2652 1660 2652 1642 2661 1614 2651 1613 2651 1611 2651 1505 2652 1503 2652 1476 2667 1477 2698"/></Shape>
	    <String CONTENT="ledeumieme del"
                    HPOS="1476"
                    VPOS="2643"
                    WIDTH="418"
                    HEIGHT="74"
                    WC="0.9692156442574092"></String>
          </TextLine>
        </TextBlock>
        <TextBlock HPOS="109"
                   VPOS="2538"
                   WIDTH="357"
                   HEIGHT="193"
                   ID="eSc_textblock_4821faf5"
                   TAGREFS="BT482">
          <Shape><Polygon POINTS="344 2538 466 2550 460 2676 405 2731 109 2731 115 2544 344 2538"/></Shape>
          <TextLine ID="eSc_line_75d720a7"
                    TAGREFS="LT324"
                    BASELINE="107 2599 449 2590" 
                    HPOS="106"
                    VPOS="2540"
                    WIDTH="343"
                    HEIGHT="89">
            <Shape><Polygon POINTS="379 2541 376 2540 356 2550 349 2553 343 2550 326 2541 325 2541 323 2541 322 2541 320 2541 320 2543 309 2552 306 2556 200 2558 197 2556 186 2547 186 2546 185 2546 183 2546 129 2546 127 2546 126 2546 106 2556 107 2599 107 2616 212 2616 236 2620 276 2629 277 2629 279 2629 297 2622 311 2616 323 2622 331 2628 332 2628 334 2628 335 2628 370 2626 372 2626 373 2626 376 2623 394 2611 414 2611 446 2625 449 2590 445 2547 419 2552 408 2547 394 2543 379 2541"/></Shape>
	    <String CONTENT="testement de"
                    HPOS="106"
                    VPOS="2540"
                    WIDTH="343"
                    HEIGHT="89"
                    WC="0.985334595044454"></String>
          </TextLine>
          <TextLine ID="eSc_line_fd96d261"
                    TAGREFS="LT324"
                    BASELINE="110 2688 411 2673" 
                    HPOS="109"
                    VPOS="2634"
                    WIDTH="302"
                    HEIGHT="73">
            <Shape><Polygon POINTS="109 2679 110 2688 110 2701 290 2707 291 2707 315 2705 317 2705 318 2705 318 2704 320 2704 329 2692 411 2684 411 2673 407 2634 290 2641 288 2641 287 2641 284 2644 276 2651 247 2647 200 2643 198 2643 197 2643 195 2643 195 2644 194 2644 189 2652 182 2647 180 2647 179 2647 177 2647 176 2647 174 2647 174 2649 173 2649 168 2655 167 2657 167 2655 156 2651 154 2651 153 2651 112 2660 109 2679"/></Shape>
	    <String CONTENT="la nommée"
                    HPOS="109"
                    VPOS="2634"
                    WIDTH="302"
                    HEIGHT="73"
                    WC="0.9948317143652174"></String>
          </TextLine>
        </TextBlock>
        <TextBlock HPOS="48"
                   VPOS="959"
                   WIDTH="41"
                   HEIGHT="35"
                   ID="eSc_textblock_f7d95a05"
                   TAGREFS="BT482">
          <Shape><Polygon POINTS="57 959 89 971 83 994 48 988 57 959"/></Shape>
        </TextBlock>
        <TextBlock HPOS="194"
                   VPOS="661"
                   WIDTH="29"
                   HEIGHT="29"
                   ID="eSc_textblock_f691928a"
                   TAGREFS="BT482">
          <Shape><Polygon POINTS="198 661 223 680 223 690 194 690 198 661"/></Shape>
        </TextBlock>
        <TextBlock HPOS="2321"
                   VPOS="273"
                   WIDTH="4"
                   HEIGHT="4"
                   ID="eSc_textblock_716f2d8a"
                   TAGREFS="BT482">
          <Shape><Polygon POINTS="2325 273 2325 277 2321 277 2321 273 2325 273"/></Shape>
        </TextBlock>
        <TextBlock HPOS="2387"
                   VPOS="255"
                   WIDTH="17"
                   HEIGHT="10"
                   ID="eSc_textblock_3e26ddf2"
                   TAGREFS="BT482">
          <Shape><Polygon POINTS="2392 255 2404 255 2404 265 2387 265 2392 255"/></Shape>
        </TextBlock>
      </PrintSpace>
    </Page>
  </Layout>
</alto>
