2675 2479
860 1 456 77 Aasort da noisou

866 1 1215 178 au quatre ee la Reprublique francaise une

1712 45 260 116 Busson

155 314 342 86 testameut de

148 393 361 84 Pierre Deceux

623 228 1720 204 destament de Pierre deceux nalf de tansies agé de toirante sx

479 415 594 115 ous moimst trois mort

1095 406 225 118 Artiile 1^e

1338 403 75 96 3

484 437 1894 188 denrant alage ou j Suis, et cragnant quarque je jouisse entallement

482 519 1808 184 d'une bonne vante ditre nerpris de la mort qui ne peut être cloignée, je

491 607 1886 183 rne décide de temoigner des a présent me dernieres volontes exigeant que

491 695 1547 172 Veur emantion toit emplie lans aucune atteration quellonque

1099 805 148 88 art 2

488 811 1912 194 Sia ma mort, il existait quelques dittes, reques je ne presvis pas, je prie

495 892 1940 183 quon y vaitfaste tout desuite, meme lest pertonmsese hométes qui feracent

502 973 1858 179 qusque redamation tans titre, can dans ce cas, ce ne poursait être que

504 1118 653 104 des sommest de peu divaleur

1086 1148 127 97 ait

1208 1134 217 72 gem

512 1160 1927 202 Je nomme pour mon execmteur testamentaire le cet Beschemodece lagelar

508 1261 1890 186 au 108eme Regunent et mon anceer ami, otant me fatter qu'en raisoins

509 1349 1843 182 de notre amienne laison, vou bon conne le portera a me rendre ce

511 1528 393 70 dorner vervice.

1062 1534 208 66 arl. 4

1298 1468 58 97 de

508 1563 1917 187 Je ligue a la nommée francoise Malatrene et néc libre demeurant

512 1666 1851 146 actuittement ches le lit d'hessite e devant mauband, et que jai reteré

513 1753 1894 168 chez moi, après la mort de tes pere et mere unn tomme de dix mille

517 1849 1883 154 livres bitela monnoie, plus le tersaise en entier d'habitation que

522 1983 1869 121 jai achité du Cit Riffard, t dont ou trouvera les tetres dans mes

522 2071 1608 135 papiera, umemble des tites desclaves qu'elle choisira

2166 2071 291 100 la premare

528 2174 1927 134 et asa volonte. Je lui dois cette reconnoissance en ramre

1395 2352 65 76 2

2648 1214 20 66 2
