3092 2479
2165 1 730 78 quatevingt heetume

473 66 2523 165 tounre mauvais tout ceque je faiz jelingtge cquavel sma en age

493 201 831 125 deveudir à lubir fsigon

1353 183 1632 124 n vctor ce pour lui indonner lemoulant

487 287 2501 144 ton vendra laide Crole ee son enfant, oubien il Slapreudre en poyement

490 382 2483 179 si cela lui faii plainé, en altendant elle restere avcc Jeanne Thoma

484 487 2464 189 Autoit n. D. Jle defance ce vingt Binmaice an cinq de le Nepublique

479 633 1314 167 paccair une ce nnde viible lgni Nieu.

483 689 2454 214 Je legue à mer domestiqnes ce pue mon lxecutrir testamentaire

484 800 2526 191 de leur dilevier à chaum ce qui Juit ; lavoir, à Luétaux mon meur

486 900 2524 221 deuy mille levrer papar monnurs afiganr donmestique ale cepuille.

497 1008 2466 217 levui paper monnoie afracoise pour elle ce Victor trois mille

498 1119 2375 216 teures papur monnois, a Adelaide ercole deux melle levies

504 1338 684 134 papiur mormois.

1202 1218 1679 179 Cesar molgache deux melle leurer papieci

484 1346 2463 225 monnoir autit n. Jsle de france ce 29. Bimmaie lan uny de

493 1498 1862 207 le Nepubligue fancanne une ce indivinble Ngni Néoir.

508 1596 2534 228 foint de prone mon aini, cest un gréjagé quil font abolie, doner

499 1738 2445 198 le montent eux autee pauvres autoit Nod onnt ce vingt nex

502 1848 2320 212 Bannane lais uny de la Republigue fur unicenedet sngni Neou

1492 1981 276 68 3

493 2006 2552 205 Vastruuction a mon Eaccuteur testamentaire du feyee de nai nous

499 2115 2484 205 ousier, comme toutes les loiler ont angmenté comiderablement le

510 2218 2456 244 que je deme que nus nous soient habilles ceque jai toquns faii

1541 2364 1516 113 Nilie de donne Aux maitur clacun
