<?xml version="1.0" encoding="UTF-8"?>
<alto xmlns:xsi="http://www.w3.org/2001/XMLSchema-instance"
      xmlns="http://www.loc.gov/standards/alto/ns-v4#"
      xsi:schemaLocation="http://www.loc.gov/standards/alto/ns-v4# http://www.loc.gov/standards/alto/v4/alto-4-2.xsd">
  <Description>
    <MeasurementUnit>pixel</MeasurementUnit>
    <sourceImageInformation>
      <fileName>JK13_2.pdf_page_16.png</fileName>
      <fileIdentifier>pdf//JK13_2.pdf</fileIdentifier>
    </sourceImageInformation>
  </Description>
  <Tags>
    <OtherTag ID="BT7" LABEL="CustomZone" DESCRIPTION="block type CustomZone"/><OtherTag ID="BT8" LABEL="DamageZone" DESCRIPTION="block type DamageZone"/><OtherTag ID="BT9" LABEL="DigitizationArtefactZone" DESCRIPTION="block type DigitizationArtefactZone"/><OtherTag ID="BT12" LABEL="MainZone" DESCRIPTION="block type MainZone"/><OtherTag ID="BT13" LABEL="MarginTextZone" DESCRIPTION="block type MarginTextZone"/><OtherTag ID="BT15" LABEL="NumberingZone" DESCRIPTION="block type NumberingZone"/><OtherTag ID="BT17" LABEL="QuireMarksZone" DESCRIPTION="block type QuireMarksZone"/><OtherTag ID="BT476" LABEL="CustomZone:closer" DESCRIPTION="block type CustomZone:closer"/><OtherTag ID="BT477" LABEL="CustomZone:paraph" DESCRIPTION="block type CustomZone:paraph"/><OtherTag ID="BT478" LABEL="di" DESCRIPTION="block type di"/><OtherTag ID="BT479" LABEL="NumberingZone:document" DESCRIPTION="block type NumberingZone:document"/><OtherTag ID="BT480" LABEL="NumberingZone:folio" DESCRIPTION="block type NumberingZone:folio"/><OtherTag ID="BT481" LABEL="NumberingZone:page" DESCRIPTION="block type NumberingZone:page"/><OtherTag ID="BT482" LABEL="text" DESCRIPTION="block type text"/>
    <OtherTag ID="LT8" LABEL="DefaultLine" DESCRIPTION="line type DefaultLine"/><OtherTag ID="LT10" LABEL="HeadingLine" DESCRIPTION="line type HeadingLine"/><OtherTag ID="LT11" LABEL="InterlinearLine" DESCRIPTION="line type InterlinearLine"/><OtherTag ID="LT324" LABEL="default" DESCRIPTION="line type default"/>
  </Tags>
  <Layout>
    <Page WIDTH="2479"
          HEIGHT="2633"
          PHYSICAL_IMG_NR="15"
          ID="eSc_dummypage_">
      <PrintSpace HPOS="0"
                  VPOS="0"
                  WIDTH="2479"
                  HEIGHT="2633">
        <TextBlock HPOS="40"
                   VPOS="0"
                   WIDTH="2437"
                   HEIGHT="2608"
                   ID="eSc_textblock_572c5aa0"
                   TAGREFS="BT482">
          <Shape><Polygon POINTS="482 0 601 0 608 23 2315 0 2198 27 2414 46 2443 127 2477 128 2477 683 2461 684 2477 841 2449 912 2449 999 2477 1006 2477 1028 2449 1029 2438 1076 2438 1110 2461 1123 2443 1135 2449 1192 2477 1246 2438 1392 2461 1421 2438 1462 2438 1543 2477 1636 2467 1748 2432 1796 2438 1847 2477 1872 2477 1976 2443 2065 2461 2268 2397 2311 2443 2322 2449 2362 2181 2379 2069 2426 1159 2432 1280 2463 1530 2457 1536 2491 1507 2504 1507 2532 1536 2573 1036 2608 976 2514 755 2514 731 2473 737 2422 706 2403 538 2397 490 2422 485 2473 479 2428 449 2409 239 2415 163 2350 128 2257 134 2182 150 2223 163 2170 117 2157 99 2069 105 1644 70 1625 40 1560 76 1513 70 1281 105 1215 99 1012 76 930 111 813 152 800 187 719 215 719 222 696 314 702 357 661 414 690 456 630 456 585 431 542 380 542 361 577 308 554 163 577 163 514 140 501 134 456 175 419 199 351 245 380 384 392 355 415 380 450 439 425 462 280 415 99 433 92 433 35 482 0"/></Shape>
          <TextLine ID="eSc_line_04b8e07c"
                    TAGREFS="LT324"
                    BASELINE="462 111 876 99 1257 98 2408 105" 
                    HPOS="460"
                    VPOS="36"
                    WIDTH="1948"
                    HEIGHT="98">
            <Shape><Polygon POINTS="462 111 460 112 504 130 506 130 507 131 566 131 566 130 567 130 617 115 762 125 763 125 813 114 816 114 819 114 921 131 923 133 1053 133 1053 131 1135 115 1137 115 1298 115 1300 115 1352 131 1353 131 1355 131 1409 122 1442 131 1444 131 1445 131 1674 130 1729 118 1795 128 1797 128 1862 118 1952 133 1953 133 1955 133 1988 118 2054 118 2157 117 2161 118 2193 133 2195 133 2196 134 2252 134 2252 133 2335 118 2350 117 2405 118 2408 105 2407 64 2018 64 1996 57 1925 39 1924 39 1922 39 1921 39 1881 55 1864 62 1840 55 1808 45 1807 45 1805 45 1804 45 1773 54 1756 59 1741 54 1734 51 1732 51 1731 51 1710 54 1687 57 1678 52 1653 42 1652 42 1650 42 1649 42 1617 52 1614 54 1450 58 1425 49 1393 38 1391 38 1258 38 1257 38 1255 38 1235 46 1208 58 1154 57 1126 45 1107 38 1106 38 924 38 923 38 921 38 910 42 880 54 835 40 818 36 816 36 815 36 813 36 797 40 724 59 655 46 654 46 602 49 575 38 572 36 570 36 462 36 462 111"/></Shape>
	    <String CONTENT="vlus dix titis desclavis de deux teis quelle choisira après"
                    HPOS="460"
                    VPOS="36"
                    WIDTH="1948"
                    HEIGHT="98"
                    WC="0.9835548613031032"></String>
          </TextLine>
          <TextLine ID="eSc_line_eb8d857c"
                    TAGREFS="LT324"
                    BASELINE="471 201 2462 182" 
                    HPOS="469"
                    VPOS="122"
                    WIDTH="1993"
                    HEIGHT="110">
            <Shape><Polygon POINTS="2445 127 2443 125 2413 131 2389 124 2382 122 2380 122 2379 122 2348 125 2304 130 2275 127 2250 124 2249 124 2247 124 2234 127 2209 134 2181 128 2158 124 2157 124 2133 130 2060 149 1999 149 1896 134 1849 127 1848 127 1725 131 1723 131 1710 137 1691 146 1596 138 1561 137 1559 137 1516 140 1438 147 1416 143 1374 133 1238 133 1236 133 1235 133 1199 146 1173 156 1021 150 1019 150 1018 150 983 157 958 150 932 143 930 143 929 143 927 143 891 152 861 160 469 160 471 201 471 223 522 232 523 232 756 229 758 229 778 219 790 213 850 210 872 217 873 217 875 217 876 217 897 210 914 217 926 222 927 222 929 222 964 216 977 215 989 216 1043 225 1044 225 1046 225 1074 215 1084 210 1242 206 1265 212 1314 225 1315 225 1317 225 1434 216 1538 223 1539 223 1609 220 1611 220 1644 206 1652 201 1704 201 1716 204 1745 215 1747 215 1748 215 1826 203 1851 200 1881 203 2053 217 2054 217 2056 217 2114 198 2117 197 2253 197 2272 197 2342 206 2344 206 2345 206 2375 198 2397 206 2398 206 2399 206 2462 193 2462 182 2458 127 2445 127"/></Shape>
	    <String CONTENT="aux prus pau la nommée Françoite fe ligue aussé a toutes"
                    HPOS="469"
                    VPOS="122"
                    WIDTH="1993"
                    HEIGHT="110"
                    WC="0.9930280415075166"></String>
          </TextLine>
          <TextLine ID="eSc_line_35a5ee9e"
                    TAGREFS="LT324"
                    BASELINE="474 298 2427 291" 
                    HPOS="474"
                    VPOS="226"
                    WIDTH="1953"
                    HEIGHT="107">
            <Shape><Polygon POINTS="474 313 613 313 657 332 658 332 659 333 793 333 793 332 794 332 864 311 898 320 899 320 901 320 1030 311 1123 326 1125 326 1189 317 1226 330 1227 330 1229 330 1230 330 1267 320 1295 329 1296 329 1298 330 1497 330 1497 329 1573 314 1608 329 1609 329 1611 330 1643 330 1643 329 1644 329 1701 313 1753 323 1754 323 1854 317 1884 327 1886 327 1887 329 2020 329 2020 327 2138 307 2361 315 2363 315 2427 304 2427 291 2424 226 2222 226 2221 226 2219 226 2215 228 2146 258 2098 245 2097 245 2095 245 2009 260 1944 244 1943 244 1941 244 1819 260 1706 251 1704 251 1637 261 1577 235 1564 229 1562 229 1350 229 1349 229 1347 229 1314 238 1221 264 1169 264 1096 241 1085 238 1084 238 1082 238 1081 238 1069 241 987 264 810 264 779 251 778 251 777 251 709 261 646 245 610 236 608 236 607 236 605 236 572 247 522 261 474 248 474 298 474 313"/></Shape>
	    <String CONTENT="let deux, tavoirr a Rote t a francaise, iomme ausé a leurs"
                    HPOS="474"
                    VPOS="226"
                    WIDTH="1953"
                    HEIGHT="107"
                    WC="0.9676481418568512"></String>
          </TextLine>
          <TextLine ID="eSc_line_8c0d8a35"
                    TAGREFS="LT324"
                    BASELINE="479 399 1792 402 2473 386" 
                    HPOS="478"
                    VPOS="321"
                    WIDTH="1995"
                    HEIGHT="128">
            <Shape><Polygon POINTS="479 399 479 431 519 449 520 449 522 449 613 431 629 428 655 431 831 449 832 449 1025 447 1027 447 1055 435 1091 447 1093 447 1094 447 1207 435 1248 447 1249 447 1251 449 1378 449 1378 447 1478 446 1596 425 1608 424 1776 424 1778 424 1830 444 1832 444 1833 444 1835 444 1883 424 1887 422 1952 422 1956 422 2020 444 2022 444 2023 446 2159 446 2159 444 2161 444 2219 422 2288 430 2290 430 2473 419 2473 386 2470 345 2354 345 2354 343 2319 333 2318 333 2316 333 2315 333 2278 343 2272 346 2012 346 2004 343 1960 330 1959 330 1958 330 1956 330 1922 340 1874 321 1873 321 1871 321 1795 323 1794 323 1772 332 1744 323 1742 323 1567 323 1565 323 1564 323 1539 334 1467 337 1407 329 1406 329 1404 329 1360 340 1319 324 1318 324 1164 324 1163 324 1161 324 1109 342 1087 348 1044 342 1036 340 1034 340 1008 342 856 349 828 340 784 327 782 327 781 327 718 340 715 340 714 340 623 326 621 326 547 333 510 327 509 327 507 327 478 339 479 399"/></Shape>
	    <String CONTENT="enfants huit vactes pleines ou pretes à litre deux punes taeat"
                    HPOS="478"
                    VPOS="321"
                    WIDTH="1995"
                    HEIGHT="128"
                    WC="0.9625314810583668"></String>
          </TextLine>
          <TextLine ID="eSc_line_daaed65c"
                    TAGREFS="LT324"
                    BASELINE="479 511 2459 498" 
                    HPOS="478"
                    VPOS="424"
                    WIDTH="1981"
                    HEIGHT="117">
            <Shape><Polygon POINTS="479 511 479 530 759 523 784 529 812 535 813 535 854 528 882 523 902 528 961 541 962 541 1044 530 1079 541 1081 541 1082 541 1328 539 1330 539 1363 523 1374 519 1536 519 1552 522 1622 536 1624 536 1696 525 1775 532 1776 532 1836 529 1838 529 1861 519 1868 516 1987 516 1997 517 2063 533 2064 535 2218 535 2218 533 2219 533 2258 516 2263 513 2274 514 2348 532 2350 532 2351 532 2399 516 2424 523 2426 523 2427 523 2429 523 2459 513 2459 498 2458 449 2389 427 2388 427 2386 427 2385 427 2318 449 2318 450 2159 450 2158 450 2119 440 2117 440 2116 440 2054 450 1946 424 1944 424 1943 424 1881 451 1820 451 1745 425 1744 425 1579 425 1577 425 1576 425 1532 440 1381 434 1379 434 1378 434 1321 456 1321 457 1284 457 1220 457 1172 437 1170 437 1169 437 1104 441 1041 431 1040 431 939 444 873 432 872 432 816 440 698 431 696 431 630 432 629 432 545 462 478 462 479 511"/></Shape>
	    <String CONTENT="vingt poules poudantet a chauisse d&#x27;illes et deux Cogt, plui"
                    HPOS="478"
                    VPOS="424"
                    WIDTH="1981"
                    HEIGHT="117"
                    WC="0.9888772855202357"></String>
          </TextLine>
          <TextLine ID="eSc_line_ef64e164"
                    TAGREFS="LT324"
                    BASELINE="478 609 2451 607" 
                    HPOS="477"
                    VPOS="539"
                    WIDTH="1974"
                    HEIGHT="95">
            <Shape><Polygon POINTS="478 609 478 627 640 620 841 626 1066 633 1068 633 1069 633 1090 624 1099 621 1107 624 1128 633 1129 633 1131 634 1268 634 1268 633 1270 633 1292 624 1300 620 1352 620 1447 623 1688 631 1690 631 1691 631 1716 621 1725 618 1971 618 1987 620 2069 631 2070 631 2072 631 2107 623 2174 631 2176 631 2259 620 2291 630 2293 630 2294 630 2296 630 2318 621 2382 626 2383 626 2448 617 2451 607 2446 560 2379 561 2373 560 2325 539 2323 539 2051 539 2050 539 2048 539 1984 560 1968 566 1953 561 1950 560 1949 560 1947 560 1946 560 1943 561 1921 569 1748 569 1725 561 1687 551 1685 551 1684 551 1682 551 1643 561 1641 561 1598 551 1596 551 1521 561 1520 561 1448 545 1403 544 1401 544 1400 544 1372 554 1336 541 1334 541 1094 541 1093 541 1091 541 1040 563 1027 570 746 570 734 564 714 555 712 555 638 555 636 555 635 555 613 564 602 569 477 566 478 609"/></Shape>
	    <String CONTENT="tout mis meubles meublans, tant una du toit que de lhabitation"
                    HPOS="477"
                    VPOS="539"
                    WIDTH="1974"
                    HEIGHT="95"
                    WC="0.9774042012230042"></String>
          </TextLine>
          <TextLine ID="eSc_line_96eb5422"
                    TAGREFS="LT324"
                    BASELINE="485 719 1906 703 2394 712" 
                    HPOS="484"
                    VPOS="646"
                    WIDTH="1910"
                    HEIGHT="102">
            <Shape><Polygon POINTS="485 719 485 747 550 748 551 748 553 748 556 747 582 735 646 747 661 748 662 748 674 747 730 734 771 746 777 747 778 747 779 747 806 746 901 738 987 744 1014 746 1015 746 1137 744 1138 744 1142 743 1197 729 1662 732 1663 732 1729 725 1798 738 1799 738 1801 740 1902 740 1902 738 1903 738 1906 738 1949 725 1979 737 1981 737 1982 738 2067 738 2067 737 2102 737 2119 735 2120 735 2151 722 2266 722 2287 731 2288 731 2290 731 2325 724 2391 734 2394 712 2391 658 2337 669 2129 669 2066 658 2001 646 2000 646 1950 658 1893 672 1848 658 1808 646 1807 646 1805 646 1551 648 1549 648 1526 659 1514 665 1434 674 1371 672 1346 659 1344 659 1343 659 1341 659 1337 659 1249 678 1015 680 945 665 943 665 894 672 859 661 841 655 839 655 759 655 758 655 756 655 740 661 733 664 721 661 708 658 706 658 705 658 687 661 646 669 592 661 559 656 557 656 484 661 485 719"/></Shape>
	    <String CONTENT="eacepté toutesfois caux compes dans un état qui tera trouve dans"
                    HPOS="484"
                    VPOS="646"
                    WIDTH="1910"
                    HEIGHT="102"
                    WC="0.9691697102971375"></String>
          </TextLine>
          <TextLine ID="eSc_line_c44fe115"
                    TAGREFS="LT324"
                    BASELINE="487 829 860 832 1194 816 1636 810 2408 811" 
                    HPOS="485"
                    VPOS="765"
                    WIDTH="1923"
                    HEIGHT="92">
            <Shape><Polygon POINTS="487 829 487 852 1082 857 1084 857 1159 846 1160 846 1164 845 1205 829 1249 836 1251 836 1336 826 1387 835 1388 835 1555 825 1745 830 1747 830 1979 823 2018 835 2019 835 2020 835 2022 835 2039 835 2095 830 2108 833 2154 845 2155 845 2157 845 2158 845 2193 832 2199 830 2205 832 2237 842 2239 842 2240 842 2241 842 2268 832 2272 830 2407 830 2408 811 2407 773 2383 767 2382 767 2380 767 2288 775 2215 781 2192 775 2149 765 2148 765 2080 765 2079 765 1991 775 1940 766 1939 766 1861 776 1810 785 1715 785 1682 778 1658 773 1656 773 1636 778 1627 779 1619 778 1574 767 1573 767 1438 779 1359 785 1333 779 1289 769 1287 769 1138 781 1122 781 1118 781 1091 772 1090 772 1088 772 1087 772 1059 781 1037 786 1014 781 980 772 979 772 904 772 902 772 901 772 873 781 851 789 645 789 621 782 611 779 610 779 608 779 607 779 595 782 579 786 563 782 528 773 526 773 525 773 485 782 487 829"/></Shape>
	    <String CONTENT="mis papurs devants resteu au proprictaire de la mainin; je"
                    HPOS="485"
                    VPOS="765"
                    WIDTH="1923"
                    HEIGHT="92"
                    WC="0.9847774125378708"></String>
          </TextLine>
          <TextLine ID="eSc_line_3fc1829b"
                    TAGREFS="LT324"
                    BASELINE="468 950 1475 931 1922 911 2416 903" 
                    HPOS="466"
                    VPOS="846"
                    WIDTH="1950"
                    HEIGHT="128">
            <Shape><Polygon POINTS="468 950 468 961 592 974 594 974 692 971 693 971 740 955 743 955 755 955 860 961 861 961 927 950 936 950 949 950 1134 961 1135 961 1195 949 1226 959 1227 959 1229 959 1404 949 1732 949 1734 949 1735 949 1776 931 1940 930 1971 940 1972 940 1974 940 1975 940 2016 927 2129 940 2130 940 2132 940 2183 924 2304 927 2306 927 2416 917 2416 903 2411 846 2359 848 2357 848 2287 877 2209 868 2208 868 2206 868 2205 868 2196 874 2165 864 2164 864 2162 864 2161 864 2127 877 2078 863 2076 863 2075 863 1988 877 1950 865 1949 865 1947 865 1854 874 1799 860 1798 860 1797 860 1795 860 1754 870 1709 863 1707 863 1706 863 1643 884 1549 874 1548 874 1546 874 1511 887 1479 874 1478 874 1336 870 1334 870 1333 870 1331 870 1248 902 1194 902 1156 890 1154 890 1153 890 1151 890 1126 901 1085 895 1084 895 1082 895 1059 906 794 912 719 912 646 886 645 886 643 886 466 887 468 950"/></Shape>
	    <String CONTENT="leur ligue ausse mon arginterie cestenmile de ceuvine jarres"
                    HPOS="466"
                    VPOS="846"
                    WIDTH="1950"
                    HEIGHT="128"
                    WC="0.9720236231883367"></String>
          </TextLine>
          <TextLine ID="eSc_line_c26fa99b"
                    TAGREFS="LT324"
                    BASELINE="490 1054 2329 1012" 
                    HPOS="488"
                    VPOS="965"
                    WIDTH="1841"
                    HEIGHT="118">
            <Shape><Polygon POINTS="490 1054 490 1083 717 1076 718 1076 769 1056 807 1056 859 1069 860 1069 861 1069 863 1069 894 1059 917 1067 919 1067 920 1067 921 1067 949 1053 974 1059 976 1059 977 1059 1068 1050 1144 1064 1151 1064 1153 1064 1163 1063 1257 1045 1363 1054 1365 1054 1366 1054 1404 1044 1519 1050 1520 1050 1521 1050 1570 1038 1639 1038 1710 1045 1820 1056 1821 1056 2048 1050 2129 1031 2155 1025 2328 1025 2329 1012 2326 975 2282 965 2281 965 2130 978 2050 965 2048 965 1972 982 1817 984 1769 968 1767 968 1766 968 1669 988 1668 990 1593 990 1558 980 1557 980 1555 980 1501 991 1441 975 1439 975 1438 975 1437 975 1366 996 1362 996 1356 996 1255 980 1254 980 1182 990 1156 982 1154 982 1153 982 898 988 897 988 864 1002 829 994 828 994 753 1009 739 1010 725 1009 636 996 635 996 633 996 595 1012 488 1013 490 1054"/></Shape>
	    <String CONTENT="potiches, bouteules plenet et vides ie tout mon linge"
                    HPOS="488"
                    VPOS="965"
                    WIDTH="1841"
                    HEIGHT="118"
                    WC="0.9798621405970376"></String>
          </TextLine>
          <TextLine ID="eSc_line_c11462c2"
                    TAGREFS="LT324"
                    BASELINE="143 1195 302 1187" 
                    HPOS="140"
                    VPOS="1132"
                    WIDTH="162"
                    HEIGHT="79">
            <Shape><Polygon POINTS="143 1195 143 1202 159 1211 160 1211 162 1211 206 1209 302 1193 302 1187 298 1132 253 1132 251 1132 250 1132 237 1139 228 1143 222 1140 201 1133 200 1133 199 1133 197 1133 196 1133 179 1146 175 1151 140 1151 143 1195"/></Shape>
	    <String CONTENT="aien"
                    HPOS="140"
                    VPOS="1132"
                    WIDTH="162"
                    HEIGHT="79"
                    WC="0.9997937232255936"></String>
          </TextLine>
          <TextLine ID="eSc_line_f6bb997a"
                    TAGREFS="LT324"
                    BASELINE="485 1164 1925 1127 2385 1123" 
                    HPOS="484"
                    VPOS="1053"
                    WIDTH="1901"
                    HEIGHT="133">
            <Shape><Polygon POINTS="485 1164 485 1186 667 1186 667 1184 687 1180 706 1176 715 1178 724 1183 725 1183 727 1183 841 1180 861 1176 916 1161 1060 1159 1104 1170 1115 1171 1116 1171 1118 1171 1126 1168 1166 1157 1325 1164 1343 1164 1344 1164 1346 1164 1350 1162 1381 1155 1399 1162 1407 1165 1409 1165 1410 1165 1412 1165 1426 1161 1464 1148 1665 1145 1691 1155 1699 1157 1700 1157 1767 1158 1769 1158 1814 1151 1832 1149 1846 1151 1879 1154 1880 1154 1903 1149 1953 1138 1994 1146 2007 1149 2009 1149 2031 1146 2070 1139 2094 1145 2105 1146 2107 1146 2154 1142 2262 1133 2382 1136 2385 1123 2382 1063 2269 1053 2268 1053 1947 1060 1881 1076 1821 1092 1696 1092 1668 1082 1662 1080 1660 1080 1659 1080 1658 1080 1653 1082 1625 1097 1442 1100 1407 1089 1384 1082 1382 1082 1381 1082 1379 1082 1344 1091 1299 1102 1233 1098 1232 1098 1144 1107 1116 1097 1113 1097 1112 1097 1110 1097 1099 1098 1037 1107 998 1101 973 1097 971 1097 970 1097 957 1101 933 1113 878 1113 834 1105 753 1091 752 1091 602 1092 601 1092 573 1107 484 1114 485 1164"/></Shape>
	    <String CONTENT="excepté calui à mon ataige dont je disposerai dains lastiele"
                    HPOS="484"
                    VPOS="1053"
                    WIDTH="1901"
                    HEIGHT="133"
                    WC="0.9778825362523397"></String>
          </TextLine>
          <TextLine ID="eSc_line_e447c5b7"
                    TAGREFS="LT324"
                    BASELINE="383 1266 484 1269 705 1256 1252 1240 1906 1230 2443 1233" 
                    HPOS="381"
                    VPOS="1167"
                    WIDTH="2062"
                    HEIGHT="121">
            <Shape><Polygon POINTS="383 1266 383 1288 605 1285 607 1285 671 1265 736 1272 737 1272 779 1265 851 1282 856 1282 857 1282 864 1282 911 1275 1027 1278 1028 1278 1030 1278 1063 1266 1141 1274 1142 1274 1394 1271 1456 1257 1502 1265 1504 1265 1505 1265 1548 1252 1599 1260 1600 1260 1602 1260 1624 1250 2080 1252 2082 1252 2083 1252 2099 1244 2183 1252 2184 1252 2252 1241 2322 1256 2338 1259 2339 1259 2443 1253 2443 1233 2440 1167 2378 1174 2120 1171 2094 1171 2092 1171 2091 1171 2089 1171 2034 1187 1979 1184 1978 1184 1895 1199 1817 1193 1816 1193 1814 1193 1785 1200 1693 1183 1691 1183 1690 1183 1640 1202 1576 1196 1574 1196 1516 1206 1303 1208 1251 1199 1249 1199 1134 1211 1068 1200 1066 1200 1065 1200 1030 1214 859 1214 778 1195 777 1195 775 1195 728 1215 623 1215 576 1198 575 1198 573 1198 572 1198 531 1209 500 1198 499 1198 381 1198 383 1266"/></Shape>
	    <String CONTENT="vuivant. fout compres dans ce legt tous les ustencits d&#x27;habitatior"
                    HPOS="381"
                    VPOS="1167"
                    WIDTH="2062"
                    HEIGHT="121"
                    WC="0.9676085674401486"></String>
          </TextLine>
          <TextLine ID="eSc_line_3d5ca407"
                    TAGREFS="LT324"
                    BASELINE="485 1382 1261 1355 2430 1332" 
                    HPOS="484"
                    VPOS="1272"
                    WIDTH="1946"
                    HEIGHT="130">
            <Shape><Polygon POINTS="485 1382 485 1389 542 1402 544 1402 607 1391 894 1394 895 1394 897 1394 932 1383 1034 1389 1036 1389 1129 1373 1132 1373 1268 1370 1274 1370 1362 1382 1363 1382 1365 1382 1401 1367 1403 1367 1415 1367 1641 1370 1643 1370 1688 1360 1691 1358 1810 1357 1811 1357 1845 1370 1846 1370 1848 1370 2293 1360 2294 1360 2354 1344 2429 1341 2430 1332 2424 1272 2260 1298 2164 1297 2133 1282 2126 1279 2124 1279 2123 1279 2101 1284 2012 1301 1958 1288 1934 1284 1933 1284 1627 1291 1625 1291 1586 1303 1538 1317 1422 1319 1365 1310 1295 1300 1293 1300 1210 1313 1156 1307 1154 1307 1153 1307 1135 1316 1107 1306 1106 1306 1104 1306 1103 1306 1077 1319 1039 1315 1037 1315 990 1325 959 1331 818 1331 640 1331 639 1331 638 1331 611 1338 610 1338 566 1331 564 1331 484 1342 485 1382"/></Shape>
	    <String CONTENT="quelles pastagenont entrelles deux, excepté les mouliur à coton et"
                    HPOS="484"
                    VPOS="1272"
                    WIDTH="1946"
                    HEIGHT="130"
                    WC="0.9727827387325692"></String>
          </TextLine>
          <TextLine ID="eSc_line_ced309f7"
                    TAGREFS="LT324"
                    BASELINE="441 1414 469 1413" 
                    HPOS="437"
                    VPOS="1361"
                    WIDTH="32"
                    HEIGHT="71">
            <Shape><Polygon POINTS="441 1414 441 1432 469 1429 469 1413 465 1363 437 1361 441 1414"/></Shape>
	    <String CONTENT="1"
                    HPOS="437"
                    VPOS="1361"
                    WIDTH="32"
                    HEIGHT="71"
                    WC="0.9999637603759766"></String>
          </TextLine>
          <TextLine ID="eSc_line_9e0477d7"
                    TAGREFS="LT324"
                    BASELINE="638 1413 848 1413" 
                    HPOS="638"
                    VPOS="1382"
                    WIDTH="210"
                    HEIGHT="57">
            <Shape><Polygon POINTS="638 1413 638 1432 684 1426 693 1430 706 1437 708 1437 794 1439 796 1439 797 1439 848 1424 848 1413 847 1382 638 1386 638 1413"/></Shape>
	    <String CONTENT="11"
                    HPOS="638"
                    VPOS="1382"
                    WIDTH="210"
                    HEIGHT="57"
                    WC="0.9997321367263794"></String>
          </TextLine>
          <TextLine ID="eSc_line_0e869178"
                    TAGREFS="LT324"
                    BASELINE="131 1500 469 1497" 
                    HPOS="130"
                    VPOS="1458"
                    WIDTH="339"
                    HEIGHT="74">
            <Shape><Polygon POINTS="131 1500 131 1524 143 1530 144 1530 146 1530 147 1530 159 1524 168 1518 286 1516 299 1527 304 1531 305 1531 307 1531 308 1532 386 1532 386 1531 387 1531 396 1528 421 1521 468 1530 469 1497 466 1467 339 1458 338 1458 336 1458 335 1458 321 1467 231 1459 229 1459 228 1459 210 1468 209 1468 169 1459 168 1459 130 1468 131 1500"/></Shape>
	    <String CONTENT="i Noe e"
                    HPOS="130"
                    VPOS="1458"
                    WIDTH="339"
                    HEIGHT="74"
                    WC="0.9670020171574184"></String>
          </TextLine>
          <TextLine ID="eSc_line_5a42219b"
                    TAGREFS="LT324"
                    BASELINE="497 1480 1270 1448 2056 1424 2361 1423" 
                    HPOS="494"
                    VPOS="1364"
                    WIDTH="1867"
                    HEIGHT="130">
            <Shape><Polygon POINTS="845 1414 844 1414 841 1415 810 1432 668 1436 576 1421 534 1415 532 1415 494 1423 497 1480 497 1494 542 1486 597 1493 610 1494 611 1494 629 1493 680 1484 768 1487 800 1489 801 1489 803 1489 813 1486 851 1477 1043 1478 1052 1478 1053 1478 1056 1478 1112 1467 1270 1468 1271 1468 1333 1458 1391 1458 1412 1467 1413 1467 1415 1467 1416 1467 1460 1454 1549 1452 1624 1461 1634 1461 1636 1461 1757 1456 1759 1456 1761 1456 1791 1446 1852 1452 1854 1452 2167 1436 2359 1436 2361 1423 2356 1380 2211 1383 2203 1383 2037 1364 2035 1364 2034 1364 2010 1373 1940 1367 1939 1367 1805 1380 1554 1380 1552 1380 1551 1380 1526 1394 1464 1391 1463 1391 1461 1391 1423 1401 1388 1389 1387 1389 1327 1388 1325 1388 1324 1388 1287 1405 1268 1414 1192 1420 911 1427 869 1415 856 1411 854 1411 853 1411 851 1411 845 1413 845 1414"/></Shape>
	    <String CONTENT="la presse qui tiennent et dependent du lesseie dela Cotonneri"
                    HPOS="494"
                    VPOS="1364"
                    WIDTH="1867"
                    HEIGHT="130"
                    WC="0.960897478900972"></String>
          </TextLine>
          <TextLine ID="eSc_line_f49bee65"
                    TAGREFS="LT324"
                    BASELINE="491 1573 1415 1538 2404 1522" 
                    HPOS="490"
                    VPOS="1461"
                    WIDTH="1914"
                    HEIGHT="137">
            <Shape><Polygon POINTS="491 1573 493 1598 655 1595 657 1595 664 1592 715 1575 860 1576 861 1576 863 1576 891 1568 976 1576 977 1576 1068 1563 1116 1576 1120 1578 1122 1578 1182 1579 1183 1579 1211 1573 1240 1568 1271 1572 1319 1578 1321 1578 1480 1569 1482 1569 1502 1563 1551 1550 1741 1554 1747 1554 1748 1554 1750 1554 1770 1544 1807 1552 1808 1552 1884 1541 1905 1549 1915 1553 1917 1553 1918 1553 1919 1553 1936 1549 1960 1540 1981 1547 2013 1557 2015 1557 2016 1557 2018 1557 2066 1544 2080 1538 2149 1537 2237 1537 2247 1537 2318 1552 2319 1552 2402 1531 2404 1522 2398 1474 2350 1480 2334 1475 2290 1461 2288 1461 2287 1461 2285 1461 2268 1468 2208 1467 2206 1467 2205 1467 2181 1477 2152 1464 2151 1464 2149 1464 2015 1473 1930 1468 1928 1468 1927 1468 1906 1477 1870 1471 1868 1471 1867 1471 1849 1478 1826 1471 1824 1471 1823 1471 1706 1474 1704 1474 1658 1496 1649 1499 1627 1496 1505 1480 1504 1480 1502 1480 1453 1502 1447 1503 1397 1503 1273 1502 1271 1502 1270 1502 1259 1508 1254 1511 1008 1515 1003 1515 902 1499 901 1499 899 1499 822 1521 818 1522 781 1522 756 1522 715 1506 714 1506 712 1506 643 1516 599 1503 598 1503 597 1503 595 1503 528 1530 490 1530 491 1573"/></Shape>
	    <String CONTENT="enfui il ue donné à Rou a afafitte pareille Voimeme de dix"
                    HPOS="490"
                    VPOS="1461"
                    WIDTH="1914"
                    HEIGHT="137"
                    WC="0.9772085711873811"></String>
          </TextLine>
          <TextLine ID="eSc_line_5f43220f"
                    TAGREFS="LT324"
                    BASELINE="1636 1575 1650 1575" 
                    HPOS="1636"
                    VPOS="1540"
                    WIDTH="14"
                    HEIGHT="52">
            <Shape><Polygon POINTS="1636 1592 1650 1592 1650 1575 1650 1543 1637 1540 1636 1575 1636 1592"/></Shape>
	    <String CONTENT="1"
                    HPOS="1636"
                    VPOS="1540"
                    WIDTH="14"
                    HEIGHT="52"
                    WC="0.9991057515144348"></String>
          </TextLine>
          <TextLine ID="eSc_line_6452d5ac"
                    TAGREFS="LT324"
                    BASELINE="431 1652 449 1652" 
                    HPOS="431"
                    VPOS="1600"
                    WIDTH="18"
                    HEIGHT="70">
            <Shape><Polygon POINTS="431 1652 431 1666 447 1670 449 1652 449 1603 431 1600 431 1652"/></Shape>
	    <String CONTENT="4"
                    HPOS="431"
                    VPOS="1600"
                    WIDTH="18"
                    HEIGHT="70"
                    WC="0.9997468590736389"></String>
          </TextLine>
          <TextLine ID="eSc_line_c9e3305a"
                    TAGREFS="LT324"
                    BASELINE="482 1657 1854 1614 2454 1607" 
                    HPOS="481"
                    VPOS="1553"
                    WIDTH="1973"
                    HEIGHT="132">
            <Shape><Polygon POINTS="2446 1571 2388 1571 2312 1553 2310 1553 2205 1576 2202 1576 2199 1576 2047 1560 2045 1560 1982 1563 1890 1585 1887 1585 1886 1585 1836 1576 1835 1576 1833 1576 1811 1584 1641 1579 1640 1579 1639 1579 1617 1588 1548 1575 1546 1575 1450 1597 1448 1597 1447 1597 1337 1588 1336 1588 1334 1588 1280 1601 1280 1603 1279 1603 1199 1603 1106 1587 1104 1587 1012 1590 927 1609 861 1606 860 1606 859 1606 839 1614 838 1616 758 1616 737 1616 695 1598 693 1598 692 1598 649 1600 481 1623 482 1657 482 1677 594 1674 602 1676 638 1683 639 1683 640 1683 679 1673 696 1669 711 1671 755 1685 756 1685 758 1685 848 1683 850 1683 891 1667 923 1652 1018 1651 1077 1660 1161 1674 1163 1674 1476 1666 1581 1644 1639 1632 1786 1630 1805 1638 1808 1638 1810 1638 1811 1638 1829 1636 1927 1626 2013 1630 2048 1632 2050 1632 2051 1632 2057 1629 2073 1622 2124 1628 2225 1638 2227 1638 2228 1638 2274 1625 2341 1629 2342 1629 2452 1616 2454 1607 2449 1581 2446 1571"/></Shape>
	    <String CONTENT="mille levier que jai donne a fracoise, cet deux dommis de"
                    HPOS="481"
                    VPOS="1553"
                    WIDTH="1973"
                    HEIGHT="132"
                    WC="0.9804465415184958"></String>
          </TextLine>
          <TextLine ID="eSc_line_d7c68f6a"
                    TAGREFS="LT324"
                    BASELINE="302 1729 390 1734" 
                    HPOS="299"
                    VPOS="1674"
                    WIDTH="93"
                    HEIGHT="79">
            <Shape><Polygon POINTS="302 1729 299 1750 387 1753 390 1734 392 1693 358 1674 357 1674 355 1674 305 1674 302 1729"/></Shape>
	    <String CONTENT="54"
                    HPOS="299"
                    VPOS="1674"
                    WIDTH="93"
                    HEIGHT="79"
                    WC="0.9999969601631165"></String>
          </TextLine>
          <TextLine ID="eSc_line_78525889"
                    TAGREFS="LT324"
                    BASELINE="493 1753 611 1756 1220 1731 2443 1718" 
                    HPOS="491"
                    VPOS="1657"
                    WIDTH="1952"
                    HEIGHT="129">
            <Shape><Polygon POINTS="493 1769 526 1769 532 1771 578 1786 579 1786 580 1786 686 1767 759 1755 816 1764 834 1767 835 1767 936 1762 938 1762 940 1762 971 1752 1120 1758 1182 1759 1183 1759 1236 1755 1318 1748 1350 1752 1456 1769 1457 1769 1915 1764 1917 1764 1994 1737 2006 1733 2187 1733 2190 1733 2215 1740 2217 1740 2218 1740 2282 1731 2296 1730 2304 1730 2395 1742 2397 1742 2398 1742 2443 1727 2443 1718 2439 1658 2323 1669 2288 1661 2271 1657 2269 1657 2247 1661 2179 1677 2117 1664 2095 1660 2094 1660 2069 1664 2000 1682 1871 1682 1846 1671 1845 1671 1843 1671 1808 1677 1769 1670 1738 1666 1737 1666 1707 1671 1647 1686 1628 1679 1627 1679 1625 1679 1467 1689 1396 1682 1394 1682 1393 1682 1372 1692 1273 1692 1240 1682 1229 1677 1227 1677 1226 1677 1202 1682 1145 1693 1107 1683 1088 1679 1087 1679 1085 1679 1044 1685 1006 1690 992 1686 971 1679 970 1679 968 1679 967 1679 945 1686 917 1696 880 1688 845 1680 844 1680 610 1685 608 1685 579 1693 561 1699 491 1696 493 1753 493 1769"/></Shape>
	    <String CONTENT="dis mille livis chacueme, ainsi que celle leputée dans tartute"
                    HPOS="491"
                    VPOS="1657"
                    WIDTH="1952"
                    HEIGHT="129"
                    WC="0.9735577337203487"></String>
          </TextLine>
          <TextLine ID="eSc_line_92064344"
                    TAGREFS="LT324"
                    BASELINE="357 1822 370 1822" 
                    HPOS="357"
                    VPOS="1772"
                    WIDTH="13"
                    HEIGHT="94">
            <Shape><Polygon POINTS="357 1822 357 1862 367 1866 370 1822 368 1772 357 1774 357 1822"/></Shape>
	    <String CONTENT="1"
                    HPOS="357"
                    VPOS="1772"
                    WIDTH="13"
                    HEIGHT="94"
                    WC="0.9994421601295471"></String>
          </TextLine>
          <TextLine ID="eSc_line_fe3160b9"
                    TAGREFS="LT324"
                    BASELINE="493 1857 576 1848 932 1834 1555 1816 2375 1816" 
                    HPOS="491"
                    VPOS="1755"
                    WIDTH="1884"
                    HEIGHT="117">
            <Shape><Polygon POINTS="493 1857 493 1872 705 1850 818 1862 819 1862 864 1857 889 1865 899 1867 901 1867 902 1867 968 1866 970 1866 986 1862 1037 1848 1106 1857 1107 1857 1217 1841 1441 1841 1476 1850 1508 1859 1510 1859 1511 1859 1513 1859 1539 1848 1568 1838 1671 1846 1679 1846 1681 1846 1682 1846 1684 1846 1703 1837 1751 1843 1753 1843 1798 1835 1817 1843 1845 1853 1846 1853 1848 1854 1939 1854 1939 1853 2136 1850 2138 1850 2170 1834 2222 1843 2224 1843 2225 1843 2250 1831 2252 1831 2263 1831 2344 1837 2345 1837 2347 1837 2375 1828 2375 1816 2372 1772 2319 1772 2318 1772 2277 1755 2275 1755 2274 1755 2272 1755 2200 1774 2196 1775 2059 1775 2057 1775 2026 1764 2025 1764 2023 1764 1950 1777 1936 1778 1912 1777 1858 1772 1857 1772 1855 1772 1835 1778 1824 1780 1810 1778 1713 1764 1712 1764 1643 1778 1343 1762 1341 1762 1340 1762 1306 1778 1242 1764 1240 1764 1239 1764 1180 1784 1169 1788 1109 1786 1047 1783 1046 1783 1006 1787 962 1791 949 1787 901 1769 899 1769 803 1769 801 1769 684 1772 683 1772 624 1791 616 1793 605 1791 535 1777 534 1777 532 1777 491 1790 493 1857"/></Shape>
	    <String CONTENT="tiaume seront prétes par les fonds que jei poursalé avoir chis"
                    HPOS="491"
                    VPOS="1755"
                    WIDTH="1884"
                    HEIGHT="117"
                    WC="0.983482458899098"></String>
          </TextLine>
          <TextLine ID="eSc_line_d8ab8c66"
                    TAGREFS="LT324"
                    BASELINE="497 1952 1538 1917 2189 1914 2458 1920" 
                    HPOS="494"
                    VPOS="1847"
                    WIDTH="1964"
                    HEIGHT="127">
            <Shape><Polygon POINTS="2455 1859 2446 1853 2423 1850 2421 1850 2420 1850 2401 1857 2373 1867 2183 1872 2132 1872 2114 1865 2098 1857 2097 1857 2007 1847 2006 1847 1933 1857 1900 1850 1899 1850 1898 1850 1896 1850 1849 1862 1778 1853 1776 1853 1701 1854 1700 1854 1682 1863 1624 1856 1622 1856 1621 1856 1571 1872 1507 1859 1505 1859 1374 1862 1236 1885 1188 1866 1186 1866 1185 1866 1183 1866 1113 1889 1094 1897 1019 1897 1003 1892 965 1881 964 1881 962 1881 859 1894 818 1879 816 1879 815 1879 813 1879 759 1898 743 1905 578 1907 566 1904 526 1889 525 1889 523 1889 522 1889 494 1903 497 1952 497 1971 601 1965 619 1971 626 1974 627 1974 629 1974 659 1971 749 1961 816 1968 851 1973 853 1973 854 1973 870 1968 899 1960 973 1967 980 1967 981 1967 992 1967 1125 1952 1173 1964 1211 1973 1213 1973 1214 1973 1242 1963 1274 1951 1423 1946 1478 1954 1479 1954 1480 1954 1501 1945 1539 1958 1558 1965 1559 1965 1561 1967 1621 1967 1621 1965 1622 1965 1641 1957 1675 1944 1715 1957 1735 1963 1737 1963 1738 1963 1811 1961 1813 1961 1830 1955 1854 1946 1874 1954 1887 1958 1889 1958 1890 1958 1999 1957 2098 1951 2099 1951 2101 1951 2162 1929 2225 1949 2233 1951 2234 1951 2236 1951 2457 1945 2458 1920 2457 1860 2455 1859"/></Shape>
	    <String CONTENT="moi, ou planes, et au defant sur le prodait de la premiere recotte"
                    HPOS="494"
                    VPOS="1847"
                    WIDTH="1964"
                    HEIGHT="127"
                    WC="0.9497341938091047"></String>
          </TextLine>
          <TextLine ID="eSc_line_0714fcbb"
                    TAGREFS="LT324"
                    BASELINE="424 2082 474 2082" 
                    HPOS="424"
                    VPOS="2042"
                    WIDTH="50"
                    HEIGHT="58">
            <Shape><Polygon POINTS="424 2082 424 2100 474 2090 474 2082 474 2049 424 2042 424 2082"/></Shape>
	    <String CONTENT="3"
                    HPOS="424"
                    VPOS="2042"
                    WIDTH="50"
                    HEIGHT="58"
                    WC="0.99998939037323"></String>
          </TextLine>
          <TextLine ID="eSc_line_c871fd22"
                    TAGREFS="LT324"
                    BASELINE="490 2072 506 2063 545 2059 1264 2027 2420 2024" 
                    HPOS="488"
                    VPOS="1955"
                    WIDTH="1932"
                    HEIGHT="123">
            <Shape><Polygon POINTS="490 2072 490 2078 762 2059 816 2068 818 2068 927 2050 1094 2059 1096 2059 1097 2059 1134 2049 1194 2058 1195 2058 1245 2046 1279 2055 1280 2055 1281 2055 1438 2043 1476 2053 1478 2053 1479 2053 1480 2053 1523 2043 1567 2053 1593 2059 1595 2059 1684 2053 1719 2061 1720 2061 1722 2061 1761 2049 1804 2037 1887 2046 1893 2046 1895 2046 1896 2046 1898 2046 1933 2036 2057 2036 2069 2042 2101 2055 2102 2055 2104 2056 2203 2056 2203 2055 2285 2043 2338 2050 2339 2050 2341 2050 2379 2034 2383 2033 2417 2033 2420 2024 2417 1973 2329 1955 2328 1955 2326 1955 2282 1971 2244 1961 2243 1961 2241 1961 2240 1961 2192 1977 2142 1995 1919 1992 1918 1992 1881 1999 1833 1989 1832 1989 1830 1989 1797 2001 1663 1990 1497 1979 1495 1979 1494 1979 1467 1989 1394 1983 1393 1983 1302 2001 1274 2005 1261 2001 1176 1971 1175 1971 1173 1971 820 1976 819 1976 718 2014 715 2017 488 2020 490 2072"/></Shape>
	    <String CONTENT="Jobseise que les ligt declaves re poursont avoir lieur quaprés que la"
                    HPOS="488"
                    VPOS="1955"
                    WIDTH="1932"
                    HEIGHT="123"
                    WC="0.9742688476175502"></String>
          </TextLine>
          <TextLine ID="eSc_line_1740aa6f"
                    TAGREFS="LT324"
                    BASELINE="1008 2080 1202 2077" 
                    HPOS="1006"
                    VPOS="2044"
                    WIDTH="196"
                    HEIGHT="52">
            <Shape><Polygon POINTS="1008 2080 1008 2096 1202 2087 1202 2077 1199 2052 1115 2044 1113 2044 1006 2053 1008 2080"/></Shape>
	    <String CONTENT="2"
                    HPOS="1006"
                    VPOS="2044"
                    WIDTH="196"
                    HEIGHT="52"
                    WC="0.9999978542327881"></String>
          </TextLine>
          <TextLine ID="eSc_line_cbc78c0c"
                    TAGREFS="LT324"
                    BASELINE="314 2166 336 2167" 
                    HPOS="313"
                    VPOS="2137"
                    WIDTH="23"
                    HEIGHT="55">
            <Shape><Polygon POINTS="314 2166 313 2192 335 2185 336 2167 336 2138 316 2137 314 2166"/></Shape>
	    <String CONTENT="4"
                    HPOS="313"
                    VPOS="2137"
                    WIDTH="23"
                    HEIGHT="55"
                    WC="0.9997922778129578"></String>
          </TextLine>
          <TextLine ID="eSc_line_bab3d13e"
                    TAGREFS="LT324"
                    BASELINE="460 2170 510 2161 681 2159 774 2145 1199 2134 2404 2126" 
                    HPOS="459"
                    VPOS="2071"
                    WIDTH="1945"
                    HEIGHT="120">
            <Shape><Polygon POINTS="460 2170 460 2191 747 2188 749 2188 755 2185 782 2172 853 2182 861 2183 863 2183 864 2183 870 2182 932 2166 987 2179 1021 2186 1022 2186 1024 2186 1058 2178 1084 2170 1110 2176 1115 2176 1116 2176 1128 2175 1199 2167 1223 2173 1230 2175 1232 2175 1233 2175 1235 2175 1243 2172 1298 2154 1381 2150 1697 2148 1731 2160 1786 2179 1788 2179 1789 2179 2088 2176 2089 2176 2158 2148 2165 2145 2174 2148 2186 2151 2187 2151 2189 2151 2190 2151 2200 2147 2208 2142 2402 2141 2404 2126 2401 2077 2228 2071 2227 2071 2225 2071 2196 2080 2136 2099 2001 2091 2000 2091 1922 2100 1895 2091 1893 2091 1892 2091 1832 2102 1761 2088 1750 2087 1748 2087 1720 2090 1627 2099 1602 2091 1554 2077 1552 2077 1551 2077 1456 2080 1378 2096 1363 2099 1356 2096 1336 2088 1334 2088 1252 2085 1251 2085 1249 2085 1217 2094 1192 2085 1191 2085 1079 2082 1078 2082 1077 2082 1037 2099 954 2099 921 2087 920 2087 919 2087 917 2087 870 2102 803 2093 801 2093 721 2107 605 2094 604 2094 602 2094 563 2112 559 2115 459 2115 460 2170"/></Shape>
	    <String CONTENT="prcottes 4i elle aii pendante ama été ramussie et la nente faite"
                    HPOS="459"
                    VPOS="2071"
                    WIDTH="1945"
                    HEIGHT="120"
                    WC="0.9462333200499415"></String>
          </TextLine>
          <TextLine ID="eSc_line_c1ad00df"
                    TAGREFS="LT324"
                    BASELINE="1542 2161 1633 2161" 
                    HPOS="1542"
                    VPOS="2132"
                    WIDTH="91"
                    HEIGHT="56">
            <Shape><Polygon POINTS="1600 2132 1586 2132 1571 2132 1557 2132 1542 2132 1542 2161 1542 2176 1631 2188 1633 2161 1633 2134 1609 2132 1600 2132"/></Shape>
	    <String CONTENT="1409"
                    HPOS="1542"
                    VPOS="2132"
                    WIDTH="91"
                    HEIGHT="56"
                    WC="0.9996687918901443"></String>
          </TextLine>
          <TextLine ID="eSc_line_11e79a2e"
                    TAGREFS="LT324"
                    BASELINE="477 2258 1120 2239 1763 2240 2443 2255" 
                    HPOS="475"
                    VPOS="2176"
                    WIDTH="1968"
                    HEIGHT="110">
            <Shape><Polygon POINTS="477 2258 477 2286 635 2277 662 2284 664 2284 665 2286 670 2286 961 2286 961 2284 974 2283 1078 2265 1227 2265 1252 2276 1254 2276 1255 2276 1302 2265 1483 2274 1485 2274 1486 2274 1511 2265 1687 2265 1729 2276 1731 2276 1858 2265 1922 2276 1969 2283 1971 2283 1972 2283 1999 2276 2013 2271 2029 2276 2047 2279 2048 2279 2050 2279 2061 2274 2095 2264 2165 2271 2167 2271 2268 2265 2293 2273 2301 2276 2303 2276 2304 2276 2319 2273 2339 2268 2354 2273 2386 2283 2388 2283 2389 2283 2442 2271 2443 2255 2442 2181 2380 2176 2379 2176 2378 2176 2367 2181 2307 2208 2023 2208 1944 2192 1943 2192 1941 2192 1915 2202 1864 2183 1851 2178 1849 2178 1675 2178 1674 2178 1672 2178 1653 2183 1640 2189 1570 2189 1558 2185 1545 2179 1543 2179 1542 2179 1508 2185 1504 2185 1502 2185 1486 2178 1485 2178 1337 2178 1336 2178 1334 2178 1311 2186 1296 2191 1264 2186 1245 2183 1243 2183 1242 2183 1232 2186 1191 2198 1144 2186 1123 2182 1122 2182 1120 2182 1101 2186 1036 2205 990 2192 989 2192 987 2192 899 2210 677 2210 569 2189 523 2182 522 2182 475 2189 477 2258"/></Shape>
	    <String CONTENT="desdits grance et cottous Le terseni de francoiss ast par bâti"
                    HPOS="475"
                    VPOS="2176"
                    WIDTH="1968"
                    HEIGHT="110"
                    WC="0.9769913929124032"></String>
          </TextLine>
          <TextLine ID="eSc_line_8b5eb1d6"
                    TAGREFS="LT324"
                    BASELINE="466 2355 532 2347 1148 2331 2306 2340" 
                    HPOS="465"
                    VPOS="2273"
                    WIDTH="1841"
                    HEIGHT="130">
            <Shape><Polygon POINTS="466 2355 468 2382 500 2369 569 2382 575 2382 576 2382 715 2382 736 2391 737 2391 739 2391 804 2381 905 2400 907 2400 908 2400 971 2379 980 2375 1049 2369 1230 2369 1248 2377 1306 2401 1308 2401 1309 2403 1422 2403 1422 2401 1423 2401 1454 2391 1478 2401 1479 2401 1480 2403 1593 2403 1593 2401 1595 2401 1655 2381 1684 2381 1741 2401 1742 2401 1744 2401 1745 2401 1786 2382 1821 2397 1823 2397 1824 2397 1857 2391 1881 2401 1883 2401 1884 2403 2007 2403 2007 2401 2009 2401 2111 2371 2111 2369 2304 2368 2306 2340 2304 2303 2214 2303 2181 2289 2180 2289 2179 2289 2116 2298 2051 2277 2050 2277 2048 2277 1979 2287 1947 2277 1946 2277 1944 2277 1943 2277 1919 2286 1902 2281 1900 2281 1899 2281 1898 2281 1849 2300 1789 2289 1788 2289 1731 2302 1662 2283 1660 2283 1659 2283 1658 2283 1622 2298 1523 2286 1521 2286 1403 2299 1312 2289 1276 2273 1274 2273 967 2273 965 2273 919 2283 892 2277 891 2277 889 2277 888 2277 839 2295 785 2276 784 2276 782 2276 781 2276 733 2298 708 2287 706 2287 705 2287 703 2287 662 2303 465 2303 466 2355"/></Shape>
	    <String CONTENT="uait ell ett biene de domagne. par la bontit du tersem"
                    HPOS="465"
                    VPOS="2273"
                    WIDTH="1841"
                    HEIGHT="130"
                    WC="0.9335739115873972"></String>
          </TextLine>
          <TextLine ID="eSc_line_6f6fbbf0"
                    TAGREFS="LT324"
                    BASELINE="1037 2581 1148 2575" 
                    HPOS="1033"
                    VPOS="2521"
                    WIDTH="115"
                    HEIGHT="82">
            <Shape><Polygon POINTS="1037 2581 1037 2596 1071 2589 1081 2596 1082 2596 1084 2596 1085 2596 1087 2596 1088 2596 1099 2587 1118 2600 1120 2603 1122 2603 1123 2603 1125 2603 1148 2602 1148 2575 1144 2524 1033 2521 1037 2581"/></Shape>
	    <String CONTENT="25"
                    HPOS="1033"
                    VPOS="2521"
                    WIDTH="115"
                    HEIGHT="82"
                    WC="0.9999951720237732"></String>
          </TextLine>
        </TextBlock>
        <TextBlock HPOS="117"
                   VPOS="99"
                   WIDTH="4"
                   HEIGHT="4"
                   ID="eSc_textblock_5ca1e412"
                   TAGREFS="BT482">
          <Shape><Polygon POINTS="121 99 121 103 117 103 117 99 121 99"/></Shape>
        </TextBlock>
        <TextBlock HPOS="163"
                   VPOS="637"
                   WIDTH="22"
                   HEIGHT="11"
                   ID="eSc_textblock_d98da858"
                   TAGREFS="BT482">
          <Shape><Polygon POINTS="168 637 185 637 185 648 163 648 168 637"/></Shape>
        </TextBlock>
        <TextBlock HPOS="81"
                   VPOS="2229"
                   WIDTH="22"
                   HEIGHT="10"
                   ID="eSc_textblock_e33ffc59"
                   TAGREFS="BT482">
          <Shape><Polygon POINTS="84 2229 103 2229 103 2233 81 2239 84 2229"/></Shape>
        </TextBlock>
        <TextBlock HPOS="479"
                   VPOS="2568"
                   WIDTH="17"
                   HEIGHT="28"
                   ID="eSc_textblock_4d2d31fd"
                   TAGREFS="BT482">
          <Shape><Polygon POINTS="484 2568 496 2574 490 2596 479 2584 484 2568"/></Shape>
        </TextBlock>
        <TextBlock HPOS="2474"
                   VPOS="1421"
                   WIDTH="3"
                   HEIGHT="11"
                   ID="eSc_textblock_329fd146"
                   TAGREFS="BT482">
          <Shape><Polygon POINTS="2477 1423 2477 1432 2474 1432 2474 1421 2477 1423"/></Shape>
        </TextBlock>
        <TextBlock HPOS="485"
                   VPOS="2545"
                   WIDTH="5"
                   HEIGHT="10"
                   ID="eSc_textblock_8db0bef8"
                   TAGREFS="BT482">
          <Shape><Polygon POINTS="490 2545 490 2555 485 2555 485 2545 490 2545"/></Shape>
        </TextBlock>
        <TextBlock ID="eSc_dummyblock_">
          <TextLine ID="eSc_line_e4e0e902"
                    TAGREFS="LT324"
                    BASELINE="1312 11 1530 10" 
                    HPOS="1311"
                    VPOS="0"
                    WIDTH="219"
                    HEIGHT="51">
            <Shape><Polygon POINTS="1516 1 1501 1 1486 1 1472 1 1457 1 1442 1 1428 1 1413 1 1399 1 1384 1 1369 1 1355 1 1340 1 1325 1 1311 1 1312 11 1312 38 1396 35 1403 42 1412 49 1412 51 1413 51 1415 51 1416 51 1529 45 1530 10 1527 0 1516 1"/></Shape>
	    <String CONTENT="1"
                    HPOS="1311"
                    VPOS="0"
                    WIDTH="219"
                    HEIGHT="51"
                    WC="0.9999740123748779"></String>
          </TextLine>
        </TextBlock>
      </PrintSpace>
    </Page>
  </Layout>
</alto>
