2479 2683
715 40 713 100 present enequliement.

709 46 1579 198 auboit datoid onst Jle de France le qualois

705 120 1575 228 themudir au quatie ele la Repableque francant

693 318 334 121 une etui

1219 336 282 94 Susnon

95 509 323 102 tettement

96 609 281 85 de tarin

477 564 1842 169 Je declare donnne et leguir a la Ctoyenne Eugtsemce monent pour

463 636 1805 168 les temoigner mms econnaissance pour les seuries quelle ma rendet

271 706 2061 203 li tau a elle partieulinement qu'a Elementine fafille et a l'enfar

371 794 1909 192 ei dent elle ent meinte voutant que tout les tiort iiins par égale

1809 895 58 84 1

244 952 909 118 D. 2 portion requi veii savoir

1199 953 762 81 3

256 998 2003 170 juiotentasenn que jai acquis de Rivrise pee mivant contrat possé chet.

256 1071 1996 157 Cn au Dnons notaiie racepté lapartion de tevrenn quil me fant pour laisser

228 1167 1699 149 aqe ma porte d'entrie lebu du coté deff Celix et liur dui

247 1220 2099 167 decondr Les enlaver denmunce ciapue hector bengaly macter dholit maasilie

199 1366 233 67 DMIT L

471 1301 1835 159 dien rmon umisimer; Signes mon doncstique; Nippaille malabaid mou

178 1436 293 73 1472SANGIS

204 1492 253 79 dengd

491 1435 664 95 ddinur.

287 1556 151 61 d4

494 1459 1803 153 doute mibatterie de anur voiselle tant de Sayancé que de vise

1699 1550 249 56 2 l

219 1590 217 76 Eamard

478 1588 264 96 tout lelinge

299 1596 2007 162 quartt toite men povisons debouche genesalement quelivignés ae donse

223 1730 649 98 LaBoe comoenl de pus

204 1814 271 108 quiit

490 1724 1786 189 tous mu mubles en genaral except cequi existé daur la folle

1471 1818 12 92 1

1650 1822 310 72 Caint

192 1894 584 112 dd o à du Conmt

319 1985 117 98 uale

477 1885 1794 170 nau montre e ue chaine d'or à son chorp aprendre dans

955 1985 1002 88 1 25

280 2077 191 61 d 2757

479 2033 504 114 Aequs, mappartient.

302 2128 149 95 Veftt

493 2048 1482 152 Lavaleur de cengrent partier effrcteice ; ei

211 2234 273 94 bntent

490 2134 1844 143 lells jout mai molontis que je charge les Cet Baille ainé et Jes

886 2235 136 42 AI LAI

518 2225 1738 116 aucoii Roger regonants mes amuairs testaientind de fuire

193 2332 73 85 3

316 2317 390 79 saiaadit lan

717 2310 265 65 dIat

488 2307 1818 155 poantuillement voutant que letout lai apaitiinne atox les troir
