2483 2808
1730 31 543 73 soixante Seurieme

391 74 1427 100 au endu exccuteur testatmentaine, leur cervent dane

87 149 268 88 cioiir Cuot

394 127 1959 152 ls teeur dù ils poursont ete pour leur sin part ele me dispontion

187 241 54 102 d

262 258 54 83 52

390 216 1919 156 et mri faite valoir ledit tres aleer prefu, jusqua céque par lear

388 365 487 121 repdusen Proniere

916 305 1395 124 e leurs intrutions, lle Ed audry dent peudant

385 391 1902 184 ceteus se charper di cette gestton, il enfira le merie, d'en leurs

385 469 1966 200 contrant noû exccdeeur testamentane vondre bat rhechee un homme

380 546 1951 205 honide eur la remplace et le charge du fondt da prodieir des delles

380 639 1903 209 teres et teouppaux laissant asa ditqaition de la plaue leplui

385 803 537 157 tieument posible

1011 843 184 116 Art.

1310 781 294 128 et demer

1607 776 48 110 4

362 858 1905 243 Le pue le ces hercbemoder mon exécateur testaimentaire et mon

390 928 1872 249 auciin aini daccepteu en mornaissance detoutes les pines quil

377 1007 1954 236 se donnera pour lexécution de mes desier velontér, mas emoir

396 1077 1944 242 plur en raison de ate aumne amitie un berseu ee bois de

399 1152 1949 250 role, der ossind anglaises avec luni bongesdes en argnet

394 1229 1964 270 quatre platraux de lable docme matiere, un cachet ena montre

390 1316 1952 256 aau sachaine, une bouile de col et mu pornne de canne

385 1558 414 111 letant en ar

873 1385 1486 214 uel me peennette de peridre a cee peletie bagetelle

377 1482 1946 263 e pour epruingles de sa bona et resputable épouse ce desit

388 1553 1951 261 enfants une foimne de anyuante mille livres quil qelsvera

112 1868 103 99 A

401 1633 1969 282 immediatement apréi le payement fait des troin legt destenis

391 1837 757 159 a françoist Rove et asa

1254 1801 1037 178 Jle de France le franrir parsiel

1407 1895 873 134 amaise ri ct cedeeible

391 1934 810 173 fai au Port du nond vuun

377 1985 991 202 Pouquatimi de la Republeque

1008 1946 1361 236 pelus Lai est ceru n Collaion ngné elevelle

396 2123 532 135 sige Deccsus 4

372 2240 157 151 Sil

859 2099 1528 226 Enegiotie par noi Geiffie dutubunel un delide

870 2185 1514 200 france toussigné lui rene empidition dudu testament

878 2257 1438 201 signée du Guffier du libsenat ile pax du Poit nou

878 2324 1491 201 dcent qui ett est de posileir laditt expedition um

883 2396 1514 207 vunulée aut effet cet desente uidica après meution

886 2489 1244 192 fuite Rer cille du pusyt enregistrement

898 2542 1492 227 Anfoit Auttod veut Jlede france le victharr

1067 2645 1331 161 der au quatr de la Repobligan francans une
