2479 3350
554 1 447 92 Eefreme de vongt mn

375 78 108 82 30

522 29 553 140 cilac des noti py

1105 3 683 104 unis et délivre aimsty

236 150 121 106 nde

536 117 403 132 Celle, at otet

988 5 1196 210 r dela dittes fomme de vingt ing mille levies

562 94 1621 239 poir parladited Resitur rntone prapiétt au moyen des presentes

539 173 1722 223 Edu Rtoyer Atais isdit non donne auni paresent et smgleent

522 281 1692 221 mnnalmn ce entant ay deter cestitre e Magdetace ce amptant

1520 366 702 132 t par chacune delle jouir

517 407 981 173 davige gstagés entrette par egale partion

519 448 1716 199 enten propriété de la portion qui lui cchoiur favair tout le leueut

526 541 1703 196 qine tamen le lestrait ants donse apeus unquel oletesre pe

517 610 1731 205 ax pant destilleu vindur jar st committons au cit detievre Ngle

532 703 1718 194 rndent et fui dans le grofondene dudu terim ei boné prolali

530 787 1725 188 Etoquese Baty ce le Rvier durempert, et attendu que le des lelaad

522 871 1778 197 dlephion demnttie dex ayras unqaat deteire qui ont its pasainis pvans

515 965 1755 170 lese adente dane lecar ouledr Létievre con fommarait ledittes aption

522 1051 1759 171 Eu Maint ade nom donne aux dettes megditaire ct Ristitue la

511 1155 1748 164 tem manid que denies. lesdits dyayeur pour Etr un quart pour

521 1233 1768 168 ded javagé entatter par égale portion ce chaume ditte jouie de la

515 1319 1805 164 portes que lai échaina entont prapuité à compter dece jour beu

515 1418 1843 154 entende quedons tour les can le cs Miaint San appellé au natiage

513 1511 1798 154 et pattage duvres donné eletour lesquels dons ainsi que ele

508 1608 1842 134 aui et leair librit lesdittes magdelair e Restituresuricant leeus

502 1714 1872 122 pation ce le lit Hanit e Et pour faiie miemér les prcentes partant

509 1814 1889 125 outaioin faie les paster aut constitué leur prounene le porteur acuquelle

502 1900 1902 128 ee donnnt jouvoir dce feur ce dlen requeir aite Rometent oblegent

500 1995 1880 126 moment ilsant donmcil enleur demer miad Jeld fait et passé

491 2093 1881 136 dtl auloi ne d veur Hlecleffiae en litude lai cing de la Republe

495 2181 1846 152 farcais an le nde le viagt e sept Brenaie avan anidi le cit

476 2287 1969 125 Mar afequi aou les villes madeetae ce restitue qui ont declaie nele

498 2376 289 158 Sdie. &

807 2400 1565 149 Tonegistié par endr Grufficu destubinat ceut de lhsle de France

774 2506 1632 136 foussiqut mor un repedition du du acte tegnre de Fray

850 2603 1569 145 ant q tear mantion de coutalle tai

828 2711 1643 129 tmimntt par aane qui a cet mille levres laditte capelle

824 2800 793 101 magant été unür a al Jfis

826 2886 1638 121 autot du Nod aast Jlide France t'unn névose deles

835 2977 1055 119 nnquame dit Regt fi nt et lee

1909 3000 246 128 Bussar

1326 3195 38 102 8

1382 3202 23 86 6
