3100 2479
581 108 544 119 pov egale ptean

1180 100 1772 124 entvate papréété apis mon deces jer dectere

558 217 2387 109 quela nommée adite ayrene Bengalie anii que leurminé Dep

2991 264 56 70 4

560 342 2453 130 appartannent a Eugteimce manent au vort deant delede fans

564 444 2465 127 le vengt nessidor au quatieme de la Resublique une ee indevmlle

567 553 688 95 tegnn y M. taiis.

1449 544 1557 137 se diclare deplui affranchie le nommé

555 661 2488 129 hois Tresle mon domertique en remonnance lu Sesvir qu'il na rendeur

589 749 2364 168 rendant ma maladie, tettes sont mer volontée que je charge mes

577 863 2382 164 acutre testementairre Basillon ainé et Jean François Ragee dexecuter

591 950 2437 215 quant au Smptur de mes biens j les donne et legue, a mes téritien au

588 1085 2461 204 toit noid ount Ele de fance levingt mendor au quatrieme de la Republlin

592 1180 1054 138 un et indivesilele ngné y. ni tarin

1047 1362 1970 168 Eengistré par moi Greffier dutitemaluuil de lhle de france

1055 1480 1954 160 prssigné Sur une cegidition dulis testament ngnée du

1060 1571 1730 171 Eit Brun Notarie de cette Ile qui en est de positaire

2813 1620 207 116 laguis

1065 1670 1930 196 cepedition a eté deute reudur affres mantion faste

1071 1762 1108 160 Sar celté dupesent negistrement

1062 1874 1827 146 Autoit detord ount nle de france le qeite lumndor

1069 1939 1969 165 au quatid de la Nepubleque française une re endisin4

130 2060 499 116 testament dufrt

2657 2127 59 66 10

2812 2108 102 112 15

1565 2137 22 74 1

2249 2123 305 83 Busion

124 2182 501 95 Mmermiere Caitt

2875 2204 39 76 1

578 2220 1600 159 au non du pere et dufils et du taspris ainii Soit il

2528 2315 85 60 3

562 2304 2423 168 Lan mil sept cent quate vingt sept le vingt teur novembre a necuf heures

621 2393 813 84 du matin étains teise desprès

1459 2440 31 37 1
