3508 2271
883 94 2073 102 Mujourd hui St Ebengait par Sevant Ees notaires publie à la

76 185 2856 111 Cestainat de de france Soufiqués ; Citoyenne Marle francoise pausune Voitavrie demua

85 273 446 76 M^re 7e

561 273 2396 115 Cette Ville, au Aom de Comme Outrice du Bestamemt E Cordonnance de donin

136 354 425 86 g

131 415 267 64 Rpvret

575 355 2351 104 Volonté de fuie marie Louiss Role Affranchie par le Ct Defonne dondu Le nuf

545 441 2388 92 du present temoit, le d. Testtament recu Ce mientt qar Durand Lua dis

112 469 323 117 tornt

550 507 2388 120 Notaies Sonssignés presece da Pémoins Le quatre olavids present moit doinent

150 584 297 141 Nose

545 596 304 78 Doutrolé.

807 663 2126 130 daquelle müe de nout a Resprfente au d. Durand notine d l'a requi

557 730 2361 124 de mittre n Dunq de Ses minutel à lla date de Cefour La de Bestament

541 821 1409 106 driginal pur lequel La dite marie frriccoiis

1984 849 922 111 Rialite poiteviie Edt Nommée

536 915 854 103 Téeutrie Datttamen faire.

1677 941 34 50 d

821 1049 32 46 4

875 981 2019 121 i Consequene Le dBesstament Drigino Eet dennemé foint à da

547 1097 2340 94 premiar micente des pultitas, a prés aveir Eté dit ataires Pelibement Sigéte

536 1169 1837 98 nourapbé Cettendu Qui la dite Comparante ne foit Cire.

810 1244 2091 102 Dous Cicte, faitid pupé Ce dousle Mienite au Sontsond ounse ple

540 1319 2376 115 de faua En MEtende Lal Ouse pluviol au Cing de la Respulligue prlcire

532 1404 2377 115 unabfiedivisible  a décluré ne savber Caire ni Siqnes de Ce Cnquisé suisant

529 1497 2387 112 dndonnanc Veusi qu'el dt dit Cafiu de Sa minut dis prelsutes, au

535 1575 2348 114 bas de laquelle Se duit Controlé Au port M. Opole de Fruncca le parleviot au

546 1640 1177 108 P. dieu Centt Livres Signé Lavier

1817 1701 63 51 12

1077 1744 382 94 it Va

1475 1767 478 100 deur da d

1989 1805 486 81 SeOtament.

656 1858 2223 129 Paudevant Hous Louit Heury Dunant Notaiie publie à Ale et Frant

545 1925 2310 141 fousdiqnés d las Démoins Cy a près Nomé l fiy preteute La nomm

475 1999 2389 173 Mais Louise Role feme de Douteur Cifffanchie du Cisoyne Dyunne

518 2106 2342 141 danneumant au Camp des Quit Libres au pied dt la Grande batagnl

518 2195 918 74 dit siquaux, troutie qar uoce

1280 2190 70 39 10

1578 2214 22 46 4

3171 1010 290 93 testament

3110 1174 370 70 Saie his

3352 1294 101 64 34i

3115 1444 112 57 Cam

3109 1611 349 59 2 u e con

3135 1748 169 73 3mosté

3331 1661 139 68 p9e4

3333 1766 133 68 2

3278 1953 145 74 E 44

3143 2119 23 61 3

3197 2113 40 88 4

3347 2042 56 54 43

3342 2085 32 101 9

3409 2132 30 96 9
