2608 2479
389 45 1615 95 de ladette Régataire, auternm mammoins que sa mese

2011 11 461 75 Soix antieme

391 115 2022 131 lalissira ason pouvoir observant quan cas contraire la ditte

392 195 2082 153 son pour inser tem der intéat dususdit capital duquel

394 286 2052 162 le remboursement dera effrelue en iseul payement à lepoque

398 358 2018 188 pudite, obseivant emore ledie maure que si laditte son epouse ct

405 453 2120 188 diteminuit apesser en Euroyé avant lépoque de majrité audétablisens

407 550 2027 195 par mariage de laditte marie franmoise tharlotte, i vent cceutenr

406 626 2050 220 quelle remette la surditte quantité de mille piestres effretiner par lui

409 698 2030 231 a elle leguée au pouvoir du Cet Poruget affienr dastillene auquel il

416 805 2051 218 donne pleir pouvoir de la reteuur pour enfaire Semplii en fancecrr

417 907 2053 196 de laditte mimeure, claquelle aucai pénse il sua teme dle pire

417 988 2075 218 compt de linteit fesi par laloi, jarquou recmboussemen du fost

394 1156 991 144 puncepel fur ains que devant

362 1291 22 75 1

414 1162 2071 219 Luaut au Suplus des biens qui poursont ête slévolus ce appertenie

416 1249 2084 213 autestateur en atte Colonie aujour de sondécis il declare que son

435 1352 2069 197 uituion est quils foient envoye desnute a paer les soins dle san

403 1436 2104 196 ¬aite testamentaine ci après nommé audie cet Gabicel mance

428 1519 2091 214 fonpère acquel il enfait don et legt pour par lu en jonie fur

428 1641 2054 178 et dupser en toute que prieté enquai dle puissent consester

422 1780 896 141 ffane exceptront nireteives.

444 1806 2034 188 Quant auy liens qui peuvent appartence audu Etienne ettaure

439 1903 2006 190 sin en Europe Soit par levicès de la ditte marqueritte qirande q

444 1987 1940 184 mere, ou autresment en quai ila puissent consistéers il veut ce enteur

454 2098 1819 170 quels passen au pouvoir el ne heritae dients dons lordre des

446 2269 310 69 dunionr.

447 2226 1988 180 Declarant ledie Comme manre revoque comme defaci il revagne

462 2302 1988 171 par le present tour testaments de dispesitions antéstonree à inlai auquel

1682 2393 819 84 ue pour lexriition desquelles
