<?xml version="1.0" encoding="UTF-8"?>
<alto xmlns:xsi="http://www.w3.org/2001/XMLSchema-instance"
      xmlns="http://www.loc.gov/standards/alto/ns-v4#"
      xsi:schemaLocation="http://www.loc.gov/standards/alto/ns-v4# http://www.loc.gov/standards/alto/v4/alto-4-2.xsd">
  <Description>
    <MeasurementUnit>pixel</MeasurementUnit>
    <sourceImageInformation>
      <fileName>JK13_2.pdf_page_27.png</fileName>
      <fileIdentifier>pdf//JK13_2.pdf</fileIdentifier>
    </sourceImageInformation>
  </Description>
  <Tags>
    <OtherTag ID="BT7" LABEL="CustomZone" DESCRIPTION="block type CustomZone"/><OtherTag ID="BT8" LABEL="DamageZone" DESCRIPTION="block type DamageZone"/><OtherTag ID="BT9" LABEL="DigitizationArtefactZone" DESCRIPTION="block type DigitizationArtefactZone"/><OtherTag ID="BT12" LABEL="MainZone" DESCRIPTION="block type MainZone"/><OtherTag ID="BT13" LABEL="MarginTextZone" DESCRIPTION="block type MarginTextZone"/><OtherTag ID="BT15" LABEL="NumberingZone" DESCRIPTION="block type NumberingZone"/><OtherTag ID="BT17" LABEL="QuireMarksZone" DESCRIPTION="block type QuireMarksZone"/><OtherTag ID="BT476" LABEL="CustomZone:closer" DESCRIPTION="block type CustomZone:closer"/><OtherTag ID="BT477" LABEL="CustomZone:paraph" DESCRIPTION="block type CustomZone:paraph"/><OtherTag ID="BT478" LABEL="di" DESCRIPTION="block type di"/><OtherTag ID="BT479" LABEL="NumberingZone:document" DESCRIPTION="block type NumberingZone:document"/><OtherTag ID="BT480" LABEL="NumberingZone:folio" DESCRIPTION="block type NumberingZone:folio"/><OtherTag ID="BT481" LABEL="NumberingZone:page" DESCRIPTION="block type NumberingZone:page"/><OtherTag ID="BT482" LABEL="text" DESCRIPTION="block type text"/>
    <OtherTag ID="LT8" LABEL="DefaultLine" DESCRIPTION="line type DefaultLine"/><OtherTag ID="LT10" LABEL="HeadingLine" DESCRIPTION="line type HeadingLine"/><OtherTag ID="LT11" LABEL="InterlinearLine" DESCRIPTION="line type InterlinearLine"/><OtherTag ID="LT324" LABEL="default" DESCRIPTION="line type default"/>
  </Tags>
  <Layout>
    <Page WIDTH="2517"
          HEIGHT="2479"
          PHYSICAL_IMG_NR="26"
          ID="eSc_dummypage_">
      <PrintSpace HPOS="0"
                  VPOS="0"
                  WIDTH="2517"
                  HEIGHT="2479">
        <TextBlock HPOS="71"
                   VPOS="0"
                   WIDTH="2444"
                   HEIGHT="2246"
                   ID="eSc_textblock_9b419759"
                   TAGREFS="BT482">
          <Shape><Polygon POINTS="447 0 2368 0 2346 59 2275 70 2263 103 2318 110 2331 154 2515 198 2515 389 2500 396 2507 429 2515 407 2515 736 2439 771 2478 820 2483 880 2428 980 2472 1123 2515 1432 2515 1899 2501 1882 2472 1922 2494 2010 2489 2147 2472 2163 2197 2213 1851 2196 1007 2246 506 2246 473 2224 479 2076 446 1988 479 1943 479 1900 413 1833 462 1795 444 1772 358 1750 369 1680 319 1662 330 1603 259 1568 231 1454 99 1425 71 1392 121 975 505 975 527 991 511 1144 573 1173 1310 1178 1576 1129 1366 1111 1337 1089 925 1072 920 1030 887 997 931 940 969 754 947 698 953 545 898 253 770 196 462 196 440 163 447 0"/></Shape>
          <TextLine ID="eSc_line_9a6380b4"
                    TAGREFS="LT324"
                    BASELINE="458 27 764 30" 
                    HPOS="457"
                    VPOS="1"
                    WIDTH="307"
                    HEIGHT="78">
            <Shape><Polygon POINTS="608 1 595 1 581 1 567 1 553 1 540 1 526 1 512 1 498 1 484 1 471 1 458 1 458 27 457 78 527 79 529 79 530 79 531 79 531 78 540 71 549 60 567 67 568 67 570 67 571 67 573 67 597 48 650 57 651 57 653 57 683 46 761 50 764 30 763 2 610 1 608 1"/></Shape>
	    <String CONTENT="Eapune"
                    HPOS="457"
                    VPOS="1"
                    WIDTH="307"
                    HEIGHT="78"
                    WC="0.9968057076136271"></String>
          </TextLine>
          <TextLine ID="eSc_line_b304d59a"
                    TAGREFS="LT324"
                    BASELINE="467 136 1216 141 1392 151 1571 145 1914 122 2246 112" 
                    HPOS="467"
                    VPOS="64"
                    WIDTH="1779"
                    HEIGHT="127">
            <Shape><Polygon POINTS="467 191 542 191 544 191 545 191 604 165 692 174 694 174 734 166 779 184 792 190 793 190 794 190 880 188 881 188 899 181 910 177 967 180 1125 187 1126 187 1128 187 1155 174 1188 159 1233 166 1234 166 1321 152 1376 169 1396 174 1398 174 1399 174 1401 174 1420 168 1447 176 1449 176 1580 179 1581 179 1582 179 1607 166 1742 163 1810 181 1811 181 1813 183 1898 183 1898 181 1899 181 1963 152 1975 145 2245 144 2246 112 2245 82 2196 64 2194 64 2193 64 2021 68 2019 68 1983 81 1961 89 1930 81 1870 67 1869 67 1795 81 1792 81 1789 81 1686 68 1684 68 1683 68 1658 79 1618 72 1617 72 1616 72 1598 81 1574 92 1519 99 1256 99 1171 79 1135 72 1052 72 1051 72 1049 72 1034 79 1011 92 975 93 923 79 899 74 898 74 850 74 848 74 847 74 833 79 778 103 628 97 626 97 556 104 468 79 467 136 467 191"/></Shape>
	    <String CONTENT="approuné legue Rasant Martenet et Brun notaire"
                    HPOS="467"
                    VPOS="64"
                    WIDTH="1779"
                    HEIGHT="127"
                    WC="0.9712891630504442"></String>
          </TextLine>
          <TextLine ID="eSc_line_568ca875"
                    TAGREFS="LT324"
                    BASELINE="814 23 1469 24 1745 16" 
                    HPOS="814"
                    VPOS="1"
                    WIDTH="931"
                    HEIGHT="48">
            <Shape><Polygon POINTS="1735 1 1722 1 1708 1 1694 1 1680 1 1666 1 1653 1 1639 1 1625 1 1611 1 1598 1 1584 1 1570 1 1556 1 1542 1 1529 1 1515 1 1501 1 1487 1 1474 1 1460 1 1446 1 1432 1 1418 1 1405 1 1391 1 1377 1 1363 1 1350 1 1336 1 1322 1 1308 1 1295 1 1281 1 1267 1 1253 1 1239 1 1226 1 1212 1 1198 1 1184 1 1171 1 1157 1 1143 1 1129 1 1115 1 1102 1 1088 1 1074 1 1060 1 1047 1 1033 1 1019 1 1005 1 991 1 978 1 964 1 950 1 936 1 923 1 909 1 895 1 881 1 867 1 854 1 840 1 826 1 814 1 814 23 814 38 858 48 859 48 861 48 862 48 874 39 881 34 920 39 945 42 946 42 947 42 953 39 964 34 989 39 1004 42 1005 42 1007 42 1013 39 1027 34 1037 39 1051 48 1052 48 1053 48 1055 49 1126 49 1126 48 1128 48 1144 41 1159 34 1195 41 1201 41 1202 41 1204 41 1205 41 1212 35 1217 41 1226 48 1227 48 1228 48 1230 48 1274 41 1306 35 1311 41 1312 41 1312 42 1314 42 1315 42 1369 46 1370 46 1372 46 1387 41 1398 38 1407 41 1423 46 1424 46 1425 46 1427 46 1439 41 1461 33 1505 33 1530 42 1542 46 1544 46 1545 46 1547 46 1562 42 1588 34 1611 42 1613 42 1614 42 1616 42 1617 42 1617 41 1624 35 1742 42 1745 16 1742 1 1735 1"/></Shape>
	    <String CONTENT="su mou it evnit le m"
                    HPOS="814"
                    VPOS="1"
                    WIDTH="931"
                    HEIGHT="48"
                    WC="0.994614663720131"></String>
          </TextLine>
          <TextLine ID="eSc_line_8a0799ea"
                    TAGREFS="LT324"
                    BASELINE="1808 11 1979 9" 
                    HPOS="1807"
                    VPOS="1"
                    WIDTH="172"
                    HEIGHT="34">
            <Shape><Polygon POINTS="1972 1 1959 1 1945 1 1931 1 1917 1 1903 1 1890 1 1876 1 1862 1 1848 1 1835 1 1821 1 1807 1 1808 11 1808 24 1865 22 1876 24 1912 34 1913 34 1914 35 1964 35 1964 34 1965 34 1967 34 1979 24 1979 9 1976 1 1972 1"/></Shape>
	    <String CONTENT="d"
                    HPOS="1807"
                    VPOS="1"
                    WIDTH="172"
                    HEIGHT="34"
                    WC="0.9993109703063965"></String>
          </TextLine>
          <TextLine ID="eSc_line_83525dd3"
                    TAGREFS="LT324"
                    BASELINE="934 293 1767 291 2501 263" 
                    HPOS="931"
                    VPOS="187"
                    WIDTH="1570"
                    HEIGHT="154">
            <Shape><Polygon POINTS="934 293 934 308 1004 318 1005 318 1081 308 1188 338 1190 338 1234 341 1235 341 1281 340 1282 340 1326 323 1362 338 1363 338 1365 338 1651 333 1653 333 1724 297 1790 312 1792 312 1928 300 2005 305 2007 305 2076 289 2077 289 2078 289 2134 305 2135 305 2136 305 2220 297 2222 297 2244 286 2245 285 2500 280 2501 263 2499 207 2466 194 2464 194 2463 194 2461 194 2430 202 2387 188 2386 188 2384 188 2383 188 2350 206 2299 201 2297 201 2296 201 2281 209 2277 210 2273 209 2240 194 2238 194 2237 194 2235 194 2200 205 2178 198 2176 198 2175 198 2173 198 2149 207 2138 213 2125 207 2076 187 2074 187 2073 187 2072 187 2037 206 1993 206 1939 187 1938 187 1937 187 1935 187 1879 207 1866 212 1852 207 1840 203 1839 203 1837 203 1733 205 1731 205 1726 207 1671 232 1606 232 1573 216 1571 216 1570 216 1569 216 1533 235 1384 235 1348 225 1347 225 1345 225 1344 225 1321 238 1257 238 1220 220 1219 220 1217 220 1216 220 1184 229 1124 206 1114 202 1113 202 1111 202 931 205 934 293"/></Shape>
	    <String CONTENT="Enregistré par moi Guffier du tribnal icvit celhle"
                    HPOS="931"
                    VPOS="187"
                    WIDTH="1570"
                    HEIGHT="154"
                    WC="0.9554936641454697"></String>
          </TextLine>
          <TextLine ID="eSc_line_082c8462"
                    TAGREFS="LT324"
                    BASELINE="960 403 1125 411 1682 413 2467 386" 
                    HPOS="958"
                    VPOS="336"
                    WIDTH="1509"
                    HEIGHT="119">
            <Shape><Polygon POINTS="960 403 960 455 1038 455 1040 455 1042 454 1103 426 1198 426 1216 435 1217 435 1219 435 1220 435 1250 426 1303 444 1304 444 1384 450 1385 450 1428 440 1468 431 1549 435 1551 435 1552 435 1554 435 1649 421 1682 431 1716 440 1717 440 1719 440 1720 440 1751 429 1784 442 1785 442 1786 442 1875 440 1876 440 1921 421 1927 418 2021 417 2022 417 2023 417 2033 410 2051 417 2081 428 2083 428 2164 435 2165 435 2167 435 2168 435 2201 414 2222 410 2244 406 2255 409 2273 414 2274 414 2275 414 2467 400 2467 386 2464 352 2428 345 2427 345 2391 352 2381 353 2375 352 2314 336 2313 336 2311 336 2310 336 2259 353 2233 362 2213 353 2186 340 2184 340 2183 340 2182 340 2129 353 2111 359 2025 362 2000 355 1963 342 1961 342 1960 342 1890 344 1888 344 1887 344 1868 355 1850 366 1818 364 1817 364 1815 364 1797 374 1585 374 1544 366 1542 366 1541 366 1515 380 1354 381 1255 370 1253 370 1252 370 1216 384 1176 370 1175 370 1173 370 1111 371 1080 360 1078 360 1077 360 958 360 960 403"/></Shape>
	    <String CONTENT="de france soussigne ue une expedition du dit"
                    HPOS="958"
                    VPOS="336"
                    WIDTH="1509"
                    HEIGHT="119"
                    WC="0.9913938167420301"></String>
          </TextLine>
          <TextLine ID="eSc_line_3a9c9c0c"
                    TAGREFS="LT324"
                    BASELINE="978 523 1587 527 2466 487" 
                    HPOS="976"
                    VPOS="443"
                    WIDTH="1490"
                    HEIGHT="127">
            <Shape><Polygon POINTS="2464 457 2428 443 2427 443 2426 443 2373 446 2372 446 2347 458 2344 459 2332 458 2231 447 2230 447 2229 447 2207 458 2150 462 2113 464 2109 462 2078 448 2077 448 2076 448 1994 464 1938 475 1880 468 1877 466 1855 454 1854 454 1852 454 1786 468 1777 469 1773 468 1751 457 1749 457 1748 457 1705 458 1704 458 1682 469 1666 477 1639 471 1620 465 1618 465 1617 465 1616 465 1614 465 1606 471 1581 486 1407 490 1347 483 1345 483 1310 488 1272 476 1271 476 1270 476 1268 476 1267 476 1266 476 1212 490 1176 483 1175 483 1173 483 1172 483 1157 493 1113 479 1103 476 1102 476 1100 476 976 482 978 523 979 570 1073 568 1074 568 1081 566 1128 546 1154 555 1155 555 1157 555 1158 555 1159 555 1175 545 1231 549 1233 549 1234 549 1268 539 1312 548 1314 548 1315 548 1337 538 1351 545 1352 545 1354 545 1355 545 1372 539 1388 548 1390 548 1391 548 1456 546 1544 532 1578 545 1603 553 1604 553 1606 553 1631 552 1632 552 1633 552 1651 541 1668 531 1731 538 1778 542 1779 542 1781 542 1806 534 1817 531 1828 534 1880 545 1881 545 1992 542 1993 542 2037 524 2048 520 2080 523 2231 535 2233 535 2234 535 2299 513 2307 509 2466 505 2466 487 2464 457"/></Shape>
	    <String CONTENT="testament signée du let Buim Notaiie qui en"
                    HPOS="976"
                    VPOS="443"
                    WIDTH="1490"
                    HEIGHT="127"
                    WC="0.9806233062300571"></String>
          </TextLine>
          <TextLine ID="eSc_line_d8285d0b"
                    TAGREFS="LT324"
                    BASELINE="975 630 1496 630 2434 581" 
                    HPOS="974"
                    VPOS="538"
                    WIDTH="1460"
                    HEIGHT="132">
            <Shape><Polygon POINTS="2430 552 2376 552 2313 538 2311 538 2240 550 2207 539 2205 539 2204 539 2202 539 2201 539 2183 550 2136 550 2135 550 2134 550 2116 559 2114 559 2113 559 2063 548 2062 548 2060 548 2036 560 1990 561 1978 561 1939 549 1938 549 1937 549 1935 549 1920 556 1891 549 1890 549 1888 549 1863 550 1862 550 1836 566 1817 577 1683 581 1607 571 1549 563 1548 563 1522 564 1520 564 1519 564 1505 572 1478 590 1377 593 1296 578 1286 577 1285 577 1283 577 1278 578 1239 593 1171 581 1159 579 1158 579 1140 582 1099 588 974 586 975 630 976 654 1048 652 1066 662 1067 662 1143 670 1144 670 1146 670 1180 652 1210 658 1212 658 1259 651 1310 663 1311 663 1312 663 1314 663 1384 645 1418 656 1420 656 1421 656 1423 656 1467 636 1504 645 1505 645 1507 645 1562 640 1629 647 1631 647 1632 647 1657 637 1675 647 1676 647 1678 647 1679 647 1680 647 1691 640 1712 647 1713 647 1715 647 1824 629 1850 641 1851 641 1852 641 2099 632 2100 632 2186 607 2186 605 2434 596 2434 581 2430 552"/></Shape>
	    <String CONTENT="ent depositaine, la ditte expedeteont per mui"
                    HPOS="974"
                    VPOS="538"
                    WIDTH="1460"
                    HEIGHT="132"
                    WC="0.9863766683472528"></String>
          </TextLine>
          <TextLine ID="eSc_line_169732db"
                    TAGREFS="LT324"
                    BASELINE="979 731 1417 738 1739 732 2156 710 2260 696 2503 681" 
                    HPOS="978"
                    VPOS="643"
                    WIDTH="1525"
                    HEIGHT="153">
            <Shape><Polygon POINTS="979 760 1219 796 1220 796 1221 796 1283 767 1374 772 1376 772 1377 772 1412 762 1475 783 1476 783 1478 783 1503 779 1545 789 1547 789 1658 778 1686 785 1687 785 1689 785 1832 782 1979 778 1981 778 2044 747 2098 743 2132 754 2134 754 2135 754 2136 754 2178 735 2200 746 2201 746 2202 746 2204 746 2205 746 2231 729 2233 729 2234 729 2269 743 2270 743 2271 743 2273 743 2274 743 2299 728 2300 727 2503 723 2503 681 2497 643 2343 645 2342 645 2339 645 2297 659 2237 648 2233 648 2231 648 2230 648 2229 648 2180 669 2098 652 2096 652 2095 652 2027 674 1975 655 1974 655 1972 655 1910 656 1909 656 1908 656 1852 689 1830 691 1588 695 1563 687 1562 687 1560 687 1559 687 1523 696 1443 692 1442 692 1441 692 1439 692 1427 701 1315 702 1271 678 1270 678 1268 678 1267 678 1206 695 1162 674 1161 674 1159 674 1158 674 1095 676 1093 676 1092 677 1063 691 978 680 979 731 979 760"/></Shape>
	    <String CONTENT="rendu apres mention faite fur cuelle du present"
                    HPOS="978"
                    VPOS="643"
                    WIDTH="1525"
                    HEIGHT="153"
                    WC="0.9822310412183721"></String>
          </TextLine>
          <TextLine ID="eSc_line_6bfa5753"
                    TAGREFS="LT324"
                    BASELINE="989 849 1515 846" 
                    HPOS="987"
                    VPOS="790"
                    WIDTH="528"
                    HEIGHT="79">
            <Shape><Polygon POINTS="989 849 989 860 1005 869 1007 869 1008 869 1071 862 1088 860 1106 862 1153 869 1154 869 1155 869 1157 869 1162 863 1164 863 1172 869 1173 869 1175 869 1176 869 1201 863 1216 860 1230 864 1248 869 1249 869 1250 869 1272 864 1293 860 1308 864 1315 867 1317 867 1318 867 1319 867 1321 867 1323 864 1332 860 1362 866 1366 866 1368 866 1370 866 1401 859 1410 866 1412 866 1413 866 1414 866 1416 866 1417 866 1417 864 1424 859 1479 859 1511 867 1515 846 1512 813 1457 813 1420 790 1418 790 1417 790 1416 790 1376 798 1348 790 1347 790 1345 790 1344 790 1295 802 1263 801 1253 791 1253 790 1252 790 1250 790 1249 790 1157 793 1155 793 1120 813 1048 813 1031 802 1030 802 1029 802 1027 802 1026 802 1024 802 1011 815 987 815 989 849"/></Shape>
	    <String CONTENT="Aegiclement"
                    HPOS="987"
                    VPOS="790"
                    WIDTH="528"
                    HEIGHT="79"
                    WC="0.9992187023162842"></String>
          </TextLine>
          <TextLine ID="eSc_line_95beb117"
                    TAGREFS="LT324"
                    BASELINE="119 1039 498 1028" 
                    HPOS="118"
                    VPOS="975"
                    WIDTH="380"
                    HEIGHT="96">
            <Shape><Polygon POINTS="447 975 433 975 431 975 411 986 391 975 378 975 377 975 349 988 320 980 319 980 318 980 246 994 228 994 212 979 212 977 210 977 209 977 166 977 165 977 136 980 135 980 133 980 133 981 118 995 119 1039 119 1056 195 1064 197 1064 198 1064 199 1064 206 1059 216 1054 259 1054 265 1061 267 1061 267 1063 268 1063 270 1063 271 1063 329 1063 365 1063 366 1064 373 1070 373 1071 374 1071 376 1071 377 1071 447 1070 449 1070 450 1070 454 1067 462 1060 497 1067 498 1028 495 987 462 987 449 975 447 975"/></Shape>
	    <String CONTENT="testament ele"
                    HPOS="118"
                    VPOS="975"
                    WIDTH="380"
                    HEIGHT="96"
                    WC="0.9687776703100938"></String>
          </TextLine>
          <TextLine ID="eSc_line_8b0f8c46"
                    TAGREFS="LT324"
                    BASELINE="950 933 1631 917 1971 886 2460 870" 
                    HPOS="949"
                    VPOS="815"
                    WIDTH="1511"
                    HEIGHT="144">
            <Shape><Polygon POINTS="950 946 997 959 998 959 1000 959 1038 953 1063 959 1064 959 1066 959 1150 943 1191 950 1193 950 1194 950 1212 944 1239 954 1241 954 1242 954 1244 954 1264 946 1365 954 1366 954 1368 954 1441 935 1527 933 1529 933 1571 922 1577 921 1581 921 1638 935 1639 935 1680 925 1734 940 1735 940 1737 940 1861 936 1908 929 1909 929 1949 907 1953 904 2092 900 2129 900 2182 924 2183 924 2184 924 2238 922 2240 922 2317 893 2319 891 2460 886 2460 870 2457 823 2426 827 2419 823 2406 818 2405 818 2404 818 2402 818 2380 824 2379 824 2355 818 2354 818 2353 818 2351 818 2332 826 2324 831 2212 834 2211 834 2209 834 2196 844 2154 838 2153 838 2095 849 2059 846 2036 835 1990 815 1989 815 1987 815 1793 822 1792 822 1731 840 1682 838 1680 838 1679 838 1662 846 1622 869 1442 871 1410 859 1409 859 1359 856 1303 853 1301 853 1250 859 1249 859 1248 859 1213 878 1133 869 1132 869 1131 869 1093 888 1031 889 949 869 950 933 950 946"/></Shape>
	    <String CONTENT="ausoit dunond dient le unq frcdedor au quatre"
                    HPOS="949"
                    VPOS="815"
                    WIDTH="1511"
                    HEIGHT="144"
                    WC="0.9627122693591648"></String>
          </TextLine>
          <TextLine ID="eSc_line_281e7604"
                    TAGREFS="LT324"
                    BASELINE="118 1137 465 1121" 
                    HPOS="115"
                    VPOS="1065"
                    WIDTH="350"
                    HEIGHT="91">
            <Shape><Polygon POINTS="118 1137 118 1145 169 1156 170 1156 172 1156 173 1156 187 1148 221 1155 223 1155 270 1147 289 1155 290 1155 292 1155 349 1152 351 1152 352 1152 352 1151 369 1136 391 1143 392 1143 394 1143 465 1129 465 1121 457 1065 429 1082 416 1076 414 1076 413 1076 286 1089 246 1088 241 1082 225 1070 224 1070 223 1070 221 1070 220 1070 198 1076 146 1072 144 1072 143 1072 141 1072 115 1089 118 1137"/></Shape>
	    <String CONTENT="la nommie"
                    HPOS="115"
                    VPOS="1065"
                    WIDTH="350"
                    HEIGHT="91"
                    WC="0.9459714028570387"></String>
          </TextLine>
          <TextLine ID="eSc_line_f5a1ce3e"
                    TAGREFS="LT324"
                    BASELINE="943 1024 1551 1024 2037 995" 
                    HPOS="942"
                    VPOS="939"
                    WIDTH="1095"
                    HEIGHT="135">
            <Shape><Polygon POINTS="943 1052 1124 1050 1132 1054 1153 1068 1154 1068 1155 1068 1157 1068 1224 1061 1226 1061 1227 1061 1237 1054 1246 1048 1256 1054 1286 1074 1288 1074 1289 1074 1290 1074 1351 1072 1352 1072 1390 1054 1391 1054 1420 1070 1421 1070 1423 1071 1476 1071 1476 1070 1478 1070 1508 1059 1540 1067 1541 1067 1542 1067 1544 1067 1566 1056 1598 1039 1616 1039 1644 1056 1658 1064 1660 1064 1661 1064 1662 1064 1808 1059 1810 1059 1811 1059 1814 1056 1829 1043 1857 1041 1901 1041 1928 1054 1930 1054 1931 1054 1996 1049 2036 1056 2037 995 2030 939 2010 953 1946 964 1925 951 1924 951 1923 951 1921 951 1920 951 1880 966 1715 968 1676 961 1675 961 1673 961 1672 961 1661 970 1570 972 1526 953 1512 947 1511 947 1509 947 1468 953 1467 953 1461 954 1412 976 1365 957 1359 955 1358 955 1357 955 1355 955 1351 958 1329 969 1301 959 1281 951 1279 951 1278 951 1277 951 1250 959 1239 953 1238 953 1237 953 1235 953 1056 955 1055 955 1029 966 1020 969 1013 966 990 958 989 958 987 958 986 958 985 958 972 968 964 973 942 969 943 1024 943 1052"/></Shape>
	    <String CONTENT="de la Nepubleque francaise une et nn"
                    HPOS="942"
                    VPOS="939"
                    WIDTH="1095"
                    HEIGHT="135"
                    WC="0.9885581268204583"></String>
          </TextLine>
          <TextLine ID="eSc_line_6045927d"
                    TAGREFS="LT324"
                    BASELINE="2056 1059 2344 1053" 
                    HPOS="2054"
                    VPOS="958"
                    WIDTH="290"
                    HEIGHT="128">
            <Shape><Polygon POINTS="2056 1059 2056 1068 2063 1075 2065 1075 2066 1075 2067 1075 2069 1075 2084 1067 2091 1064 2136 1071 2168 1075 2169 1075 2178 1074 2229 1061 2275 1081 2289 1086 2291 1086 2292 1086 2344 1085 2344 1053 2342 988 2277 980 2275 980 2274 980 2273 980 2273 981 2271 981 2266 988 2266 990 2222 990 2219 988 2178 958 2176 958 2175 958 2125 958 2124 958 2122 958 2054 987 2056 1059"/></Shape>
	    <String CONTENT="Bussen"
                    HPOS="2054"
                    VPOS="958"
                    WIDTH="290"
                    HEIGHT="128"
                    WC="0.9973142743110657"></String>
          </TextLine>
          <TextLine ID="eSc_line_0ed2a4b1"
                    TAGREFS="LT324"
                    BASELINE="122 1240 515 1220" 
                    HPOS="118"
                    VPOS="1167"
                    WIDTH="398"
                    HEIGHT="122">
            <Shape><Polygon POINTS="122 1240 122 1265 208 1262 230 1269 276 1283 278 1283 279 1283 281 1283 327 1271 332 1269 333 1271 362 1289 363 1289 365 1289 366 1289 420 1286 421 1286 422 1286 443 1272 449 1268 460 1272 475 1278 476 1278 478 1278 516 1272 515 1220 511 1184 440 1180 439 1180 438 1180 417 1185 414 1187 413 1187 396 1178 395 1178 394 1178 392 1178 391 1178 380 1187 348 1178 347 1178 345 1178 344 1178 323 1188 318 1192 314 1189 296 1176 294 1176 293 1176 292 1176 242 1183 221 1167 220 1167 219 1167 198 1167 197 1167 158 1170 157 1170 155 1170 155 1172 154 1172 143 1185 126 1184 125 1184 123 1184 122 1184 122 1185 121 1185 118 1187 122 1240"/></Shape>
	    <String CONTENT="Loulse negiet"
                    HPOS="118"
                    VPOS="1167"
                    WIDTH="398"
                    HEIGHT="122"
                    WC="0.996778103021475"></String>
          </TextLine>
          <TextLine ID="eSc_line_3b8d6f2b"
                    TAGREFS="LT324"
                    BASELINE="125 1331 270 1330" 
                    HPOS="123"
                    VPOS="1249"
                    WIDTH="147"
                    HEIGHT="155">
            <Shape><Polygon POINTS="125 1331 125 1404 270 1384 270 1330 267 1278 232 1278 205 1250 205 1249 203 1249 202 1249 162 1249 161 1249 159 1249 158 1249 123 1275 125 1331"/></Shape>
	    <String CONTENT="Abre"
                    HPOS="123"
                    VPOS="1249"
                    WIDTH="147"
                    HEIGHT="155"
                    WC="0.9462779611349106"></String>
          </TextLine>
          <TextLine ID="eSc_line_753f1c28"
                    TAGREFS="LT324"
                    BASELINE="519 1284 1175 1271 1642 1251 1998 1251" 
                    HPOS="516"
                    VPOS="1200"
                    WIDTH="1482"
                    HEIGHT="113">
            <Shape><Polygon POINTS="519 1284 519 1302 538 1313 540 1313 541 1313 624 1298 643 1295 648 1298 675 1311 676 1311 677 1311 812 1308 814 1308 855 1293 880 1284 895 1293 900 1295 902 1295 903 1295 921 1291 946 1286 957 1291 985 1304 986 1304 987 1304 1103 1293 1213 1298 1215 1298 1216 1298 1249 1290 1285 1297 1286 1297 1317 1295 1318 1295 1344 1282 1363 1272 1622 1268 1753 1273 1818 1275 1819 1275 1821 1275 1822 1275 1828 1271 1840 1262 1880 1261 1898 1269 1903 1272 1905 1272 1906 1272 1908 1272 1916 1269 1928 1265 1996 1267 1998 1251 1996 1213 1727 1217 1715 1216 1643 1200 1642 1200 1604 1202 1603 1202 1569 1217 1558 1221 1508 1217 1485 1216 1483 1216 1482 1216 1476 1217 1461 1224 1446 1218 1414 1206 1413 1206 1412 1206 1410 1206 1380 1217 1275 1210 1274 1210 1272 1210 1249 1220 1224 1231 1104 1232 1066 1221 1053 1218 1052 1218 1051 1218 1049 1218 1042 1222 1019 1233 943 1225 942 1225 940 1225 916 1236 844 1232 829 1224 821 1220 819 1220 818 1220 715 1222 713 1222 703 1225 686 1231 662 1225 651 1224 650 1224 625 1227 568 1232 516 1228 519 1284"/></Shape>
	    <String CONTENT="Lan mil apt ent quatre vingt luise ledeusieme del"
                    HPOS="516"
                    VPOS="1200"
                    WIDTH="1482"
                    HEIGHT="113"
                    WC="0.9704021872306356"></String>
          </TextLine>
          <TextLine ID="eSc_line_46b01108"
                    TAGREFS="LT324"
                    BASELINE="486 1378 761 1378 1165 1356 2055 1330 2262 1313 2461 1309" 
                    HPOS="483"
                    VPOS="1250"
                    WIDTH="1978"
                    HEIGHT="168">
            <Shape><Polygon POINTS="486 1378 486 1408 538 1418 540 1418 602 1417 603 1417 635 1403 675 1414 676 1414 677 1414 855 1408 856 1408 910 1390 934 1384 1015 1384 1016 1384 1018 1384 1045 1371 1133 1379 1135 1379 1136 1379 1171 1370 1315 1373 1322 1373 1323 1373 1326 1373 1372 1362 1405 1370 1483 1388 1485 1388 1541 1377 1748 1379 1749 1379 1751 1379 1821 1352 1837 1345 1891 1348 1934 1351 1935 1351 1967 1345 2004 1338 2045 1341 2073 1344 2125 1364 2127 1364 2128 1364 2129 1364 2193 1335 2200 1331 2460 1323 2461 1309 2456 1250 2390 1251 2388 1251 2384 1253 2321 1275 2242 1276 2193 1264 2191 1264 2190 1264 2154 1271 2109 1264 2085 1261 2084 1261 2083 1261 2073 1265 2062 1271 2027 1268 2000 1265 1998 1265 1997 1265 1982 1269 1950 1279 1928 1272 1912 1267 1910 1267 1909 1267 1760 1272 1759 1272 1737 1280 1698 1295 1405 1304 1304 1298 1268 1297 1267 1297 1266 1297 1250 1301 1217 1309 1182 1304 1139 1297 1137 1297 1136 1297 1104 1306 1095 1311 1023 1313 994 1312 861 1301 859 1301 858 1301 788 1319 653 1308 651 1308 483 1333 486 1378"/></Shape>
	    <String CONTENT="Republique fancaise le demanche vingt deux septembre necef heures"
                    HPOS="483"
                    VPOS="1250"
                    WIDTH="1978"
                    HEIGHT="168"
                    WC="0.9768849033575792"></String>
          </TextLine>
          <TextLine ID="eSc_line_c151dfdb"
                    TAGREFS="LT324"
                    BASELINE="420 1477 830 1469 1206 1446 2201 1410 2376 1396 2470 1397" 
                    HPOS="417"
                    VPOS="1342"
                    WIDTH="2053"
                    HEIGHT="167">
            <Shape><Polygon POINTS="420 1477 420 1487 511 1490 557 1505 559 1505 560 1505 621 1494 681 1509 683 1509 684 1509 1047 1497 1148 1492 1150 1492 1206 1475 1228 1481 1230 1481 1231 1481 1319 1475 1321 1475 1394 1454 1468 1459 1469 1459 1542 1446 1580 1455 1581 1455 1582 1455 1724 1437 1731 1437 1733 1437 1781 1454 1782 1454 1784 1454 1785 1454 1832 1436 1927 1448 1928 1448 1930 1448 2001 1428 2005 1426 2022 1426 2220 1433 2222 1433 2295 1415 2300 1414 2470 1408 2470 1397 2466 1342 2249 1342 2248 1342 2246 1342 2227 1349 2186 1366 2132 1353 2110 1348 2109 1348 2003 1352 2001 1352 1981 1357 1927 1374 1857 1371 1855 1371 1854 1371 1804 1390 1472 1402 1436 1402 1379 1379 1377 1379 1376 1379 1374 1379 1314 1400 1184 1385 1171 1384 1169 1384 1168 1384 1161 1385 1059 1418 746 1418 745 1418 743 1418 701 1430 604 1408 603 1408 602 1408 573 1417 530 1407 529 1407 527 1407 524 1407 479 1415 417 1411 420 1477"/></Shape>
	    <String CONTENT="du matin par devant Julien François Guae notaire Piblie a Bhsle de"
                    HPOS="417"
                    VPOS="1342"
                    WIDTH="2053"
                    HEIGHT="167"
                    WC="0.9635198856845046"></String>
          </TextLine>
          <TextLine ID="eSc_line_f7c2fd59"
                    TAGREFS="LT324"
                    BASELINE="451 1564 708 1564 1100 1552" 
                    HPOS="450"
                    VPOS="1497"
                    WIDTH="650"
                    HEIGHT="114">
            <Shape><Polygon POINTS="451 1564 451 1597 473 1609 475 1609 476 1609 478 1611 511 1611 511 1609 512 1609 513 1609 534 1594 535 1593 538 1594 544 1597 545 1597 546 1597 548 1597 555 1594 575 1587 608 1593 610 1593 732 1585 745 1596 753 1603 753 1604 754 1604 756 1604 757 1604 759 1604 779 1596 808 1583 866 1590 867 1590 869 1590 885 1582 903 1596 907 1600 909 1600 910 1600 912 1600 983 1598 985 1598 986 1598 989 1596 1002 1587 1019 1596 1020 1596 1022 1596 1023 1596 1055 1587 1099 1596 1100 1552 1098 1505 1052 1497 1051 1497 1049 1497 1026 1508 1011 1514 934 1520 914 1512 887 1499 885 1499 884 1499 883 1499 847 1509 816 1506 815 1506 814 1506 812 1506 812 1508 803 1516 800 1519 793 1517 781 1513 779 1513 778 1513 777 1513 775 1513 775 1514 771 1517 765 1524 698 1524 694 1520 679 1506 679 1505 677 1505 676 1505 659 1505 658 1505 657 1505 655 1505 630 1523 624 1528 586 1528 584 1525 560 1508 559 1508 557 1508 512 1508 511 1508 509 1508 450 1530 451 1564"/></Shape>
	    <String CONTENT="france en presence de"
                    HPOS="450"
                    VPOS="1497"
                    WIDTH="650"
                    HEIGHT="114"
                    WC="0.9308755851927257"></String>
          </TextLine>
          <TextLine ID="eSc_line_d27945b8"
                    TAGREFS="LT324"
                    BASELINE="418 1649 453 1649" 
                    HPOS="418"
                    VPOS="1590"
                    WIDTH="35"
                    HEIGHT="98">
            <Shape><Polygon POINTS="418 1649 418 1688 453 1681 453 1649 451 1590 418 1594 418 1649"/></Shape>
	    <String CONTENT="1"
                    HPOS="418"
                    VPOS="1590"
                    WIDTH="35"
                    HEIGHT="98"
                    WC="0.9998824596405029"></String>
          </TextLine>
          <TextLine ID="eSc_line_4069d4fc"
                    TAGREFS="LT324"
                    BASELINE="468 1648 1154 1630 1622 1601 1912 1596 2384 1570 2504 1568" 
                    HPOS="465"
                    VPOS="1505"
                    WIDTH="2039"
                    HEIGHT="176">
            <Shape><Polygon POINTS="468 1648 469 1681 712 1673 713 1673 724 1669 759 1655 803 1659 804 1659 805 1659 830 1649 1055 1649 1056 1649 1107 1641 1153 1647 1194 1652 1195 1652 1197 1652 1221 1644 1237 1638 1271 1641 1321 1645 1322 1645 1369 1636 1413 1627 1509 1627 1509 1626 1554 1615 1777 1612 1800 1614 1873 1622 1875 1622 2014 1604 2073 1596 2100 1598 2149 1605 2150 1605 2207 1597 2278 1611 2280 1611 2281 1611 2354 1586 2504 1578 2504 1568 2496 1519 2485 1523 2474 1520 2428 1505 2427 1505 2426 1505 2297 1512 2296 1512 2226 1531 2172 1546 2120 1536 2037 1521 2036 1521 2034 1521 1989 1532 1931 1524 1930 1524 1580 1538 1578 1538 1500 1567 1474 1575 1405 1571 1341 1567 1340 1567 1264 1578 1212 1586 951 1596 916 1594 792 1587 790 1587 789 1587 767 1597 749 1592 748 1592 746 1592 745 1592 713 1604 709 1607 639 1608 633 1608 537 1592 535 1592 534 1592 465 1615 468 1648"/></Shape>
	    <String CONTENT="Citoyent domiciliés en laville du Poit Louis de la ditte Joly rue ce Bissone"
                    HPOS="465"
                    VPOS="1505"
                    WIDTH="2039"
                    HEIGHT="176"
                    WC="0.9545893014261597"></String>
          </TextLine>
          <TextLine ID="eSc_line_99b2a44f"
                    TAGREFS="LT324"
                    BASELINE="1132 1545 1589 1519 1935 1512 2342 1480 2503 1476" 
                    HPOS="1128"
                    VPOS="1435"
                    WIDTH="1375"
                    HEIGHT="133">
            <Shape><Polygon POINTS="1132 1545 1135 1568 1150 1557 1177 1564 1179 1564 1180 1564 1182 1564 1212 1553 1328 1553 1329 1553 1442 1541 1472 1550 1479 1553 1480 1553 1482 1553 1519 1552 1520 1552 1534 1547 1580 1534 1635 1542 1636 1542 1638 1542 1639 1542 1657 1530 1722 1532 1723 1532 1724 1532 1751 1524 1854 1531 1875 1532 1876 1532 1877 1532 1886 1530 1924 1517 1943 1527 1946 1528 1948 1528 1949 1528 2134 1519 2135 1519 2138 1517 2165 1502 2183 1512 2184 1512 2215 1513 2231 1513 2233 1513 2244 1512 2366 1491 2406 1503 2408 1503 2409 1503 2503 1498 2503 1476 2499 1441 2402 1446 2398 1444 2377 1435 2376 1435 2375 1435 2373 1435 2326 1447 2308 1451 2297 1447 2270 1437 2269 1437 2267 1437 2196 1446 2194 1446 2180 1451 2162 1459 2128 1454 2088 1447 2087 1447 2085 1447 2084 1447 2070 1455 2059 1462 2040 1457 1992 1441 1990 1441 1989 1441 1987 1441 1970 1448 1855 1448 1854 1448 1786 1452 1785 1452 1784 1452 1764 1466 1760 1469 1701 1483 1671 1475 1669 1475 1668 1475 1624 1477 1604 1472 1580 1463 1578 1463 1577 1463 1576 1463 1574 1463 1560 1473 1558 1475 1548 1473 1522 1469 1520 1469 1519 1469 1518 1469 1509 1475 1475 1495 1315 1505 1286 1495 1285 1495 1283 1495 1234 1502 1198 1486 1195 1484 1194 1484 1193 1484 1128 1487 1132 1545"/></Shape>
	    <String CONTENT="Jean Francoir Gelent et liene Provoit tour decuy"
                    HPOS="1128"
                    VPOS="1435"
                    WIDTH="1375"
                    HEIGHT="133"
                    WC="0.9725170657038689"></String>
          </TextLine>
          <TextLine ID="eSc_line_53924285"
                    TAGREFS="LT324"
                    BASELINE="498 1747 2143 1674 2496 1665" 
                    HPOS="495"
                    VPOS="1619"
                    WIDTH="2001"
                    HEIGHT="170">
            <Shape><Polygon POINTS="498 1747 500 1789 720 1780 721 1780 728 1777 786 1755 880 1754 940 1766 950 1768 951 1768 965 1765 1036 1749 1086 1758 1109 1762 1110 1762 1111 1762 1133 1755 1164 1747 1228 1751 1267 1753 1268 1753 1297 1747 1325 1742 1343 1744 1381 1751 1383 1751 1432 1740 1471 1731 1492 1736 1504 1740 1505 1740 1578 1742 1580 1742 1581 1742 1607 1733 1666 1739 1668 1739 1722 1729 1888 1729 1890 1729 2003 1717 2004 1717 2033 1707 2049 1700 2266 1693 2270 1693 2310 1706 2311 1706 2313 1706 2314 1706 2350 1689 2351 1688 2496 1681 2496 1665 2493 1619 2358 1633 2311 1627 2270 1622 2269 1622 2267 1622 2251 1630 2229 1641 1975 1651 1928 1645 1903 1643 1902 1643 1872 1648 1840 1654 1804 1651 1744 1647 1742 1647 1741 1647 1706 1656 1683 1662 1658 1658 1593 1648 1592 1648 1315 1659 1314 1659 1267 1677 1250 1682 1206 1680 1182 1678 1180 1678 1158 1682 1124 1688 1093 1685 1044 1680 1042 1680 968 1687 920 1677 918 1677 782 1682 781 1682 737 1702 730 1705 691 1705 635 1703 633 1703 606 1709 588 1711 577 1710 548 1703 546 1703 495 1713 498 1747"/></Shape>
	    <String CONTENT="paroisse et Louis exprès aequis et appelles pour stie suoins du preseur"
                    HPOS="495"
                    VPOS="1619"
                    WIDTH="2001"
                    HEIGHT="170"
                    WC="0.964538295504073"></String>
          </TextLine>
          <TextLine ID="eSc_line_90045dc5"
                    TAGREFS="LT324"
                    BASELINE="490 1846 1058 1823 1306 1806 1562 1801 2026 1775 2432 1762" 
                    HPOS="486"
                    VPOS="1718"
                    WIDTH="1946"
                    HEIGHT="159">
            <Shape><Polygon POINTS="490 1846 490 1859 646 1877 647 1877 836 1868 837 1868 903 1849 954 1857 956 1857 957 1857 998 1837 1000 1837 1001 1837 1026 1846 1027 1846 1029 1846 1066 1839 1109 1855 1110 1855 1111 1855 1113 1855 1131 1848 1220 1852 1221 1852 1282 1839 1323 1842 1325 1842 1326 1842 1384 1820 1385 1820 1387 1820 1436 1828 1438 1828 1526 1822 1569 1837 1570 1837 1571 1837 1573 1837 1625 1816 1756 1804 1764 1802 1792 1802 1857 1801 1974 1817 1975 1817 1976 1817 2022 1802 2056 1813 2058 1813 2059 1813 2060 1813 2124 1787 2431 1773 2432 1762 2430 1718 2183 1728 2176 1727 2138 1718 2136 1718 2135 1718 2109 1729 2102 1733 1976 1738 1967 1735 1948 1728 1946 1728 1945 1728 1943 1728 1920 1736 1909 1742 1846 1743 1821 1740 1728 1727 1727 1727 1726 1727 1689 1743 1660 1738 1658 1738 1657 1738 1632 1747 1627 1749 1622 1747 1603 1742 1602 1742 1600 1742 1494 1747 1432 1740 1431 1740 1430 1740 1399 1750 1341 1743 1340 1743 960 1760 958 1760 920 1773 887 1786 833 1786 811 1777 794 1772 793 1772 792 1772 790 1772 775 1779 753 1789 730 1782 728 1782 727 1782 602 1786 596 1786 562 1777 560 1777 486 1789 490 1846"/></Shape>
	    <String CONTENT="en une case la palissade exposée au nod d&#x27;un tertini emplacement"
                    HPOS="486"
                    VPOS="1718"
                    WIDTH="1946"
                    HEIGHT="159"
                    WC="0.9776797890663147"></String>
          </TextLine>
          <TextLine ID="eSc_line_ded84a93"
                    TAGREFS="LT324"
                    BASELINE="506 1936 812 1928 1946 1860 2479 1850" 
                    HPOS="504"
                    VPOS="1794"
                    WIDTH="1975"
                    HEIGHT="180">
            <Shape><Polygon POINTS="506 1936 508 1970 552 1974 553 1974 555 1974 574 1968 619 1950 688 1955 690 1955 691 1955 719 1946 771 1948 772 1950 772 1948 1058 1928 1121 1939 1159 1944 1161 1944 1239 1932 1357 1912 1476 1919 1566 1923 1567 1923 1687 1908 1786 1908 1788 1908 1824 1900 1848 1895 1861 1899 1877 1904 1879 1904 1880 1904 2140 1895 2142 1895 2184 1881 2223 1867 2342 1866 2368 1871 2383 1874 2384 1874 2479 1864 2479 1850 2475 1802 2362 1806 2302 1794 2300 1794 2194 1816 2190 1816 2189 1816 2128 1805 2127 1805 2125 1805 2083 1822 2081 1822 2033 1805 2032 1805 2030 1805 1943 1813 1913 1808 1912 1808 1910 1808 1876 1820 1797 1813 1796 1813 1795 1813 1748 1830 1708 1817 1706 1817 1705 1817 1599 1824 1598 1824 1525 1842 1460 1831 1458 1831 1296 1838 1295 1838 1221 1857 1140 1846 1139 1846 1075 1849 1004 1853 1002 1853 939 1879 939 1881 606 1897 559 1899 537 1893 535 1893 534 1893 533 1893 504 1900 506 1936"/></Shape>
	    <String CONTENT="appartenant à Louise negresse lebre affranchie du Cet Rogee Chariou"
                    HPOS="504"
                    VPOS="1794"
                    WIDTH="1975"
                    HEIGHT="180"
                    WC="0.9818543275790428"></String>
          </TextLine>
          <TextLine ID="eSc_line_a6bf494f"
                    TAGREFS="LT324"
                    BASELINE="501 2025 1069 2005 1275 1987 1815 1961 2426 1947" 
                    HPOS="498"
                    VPOS="1908"
                    WIDTH="1928"
                    HEIGHT="135">
            <Shape><Polygon POINTS="501 2025 501 2043 597 2043 597 2042 599 2042 617 2038 662 2025 694 2034 706 2038 708 2038 709 2038 790 2030 815 2028 836 2028 934 2030 935 2030 936 2030 949 2023 950 2023 962 2023 1052 2025 1053 2025 1055 2025 1074 2017 1100 2007 1133 2014 1144 2017 1146 2017 1147 2017 1155 2014 1177 2006 1325 2006 1344 2006 1345 2006 1372 2005 1545 1991 1574 1995 1603 2001 1604 2001 1689 1998 1690 1998 1709 1990 1711 1990 1713 1990 1757 1999 1759 1999 1760 1999 1789 1987 1797 1981 1846 1979 1895 1979 1906 1981 1942 1992 1943 1992 1945 1992 2142 1985 2143 1985 2196 1969 2201 1968 2219 1968 2329 1972 2331 1972 2426 1958 2426 1947 2423 1910 2135 1919 2131 1919 2087 1914 2085 1914 2003 1923 1919 1908 1917 1908 1916 1908 1868 1929 1866 1929 1837 1919 1836 1919 1835 1919 1784 1932 1614 1936 1504 1923 1503 1923 1175 1936 1173 1936 1132 1955 1128 1957 1118 1955 1019 1941 1018 1941 946 1957 921 1951 920 1951 918 1951 917 1951 889 1962 847 1951 845 1951 844 1951 657 1969 615 1957 614 1957 613 1957 577 1958 575 1958 529 1977 523 1979 498 1979 501 2025"/></Shape>
	    <String CONTENT="ditué euladette ville du Port Louis en une me du Campeles noirs"
                    HPOS="498"
                    VPOS="1908"
                    WIDTH="1928"
                    HEIGHT="135"
                    WC="0.9744285288311186"></String>
          </TextLine>
          <TextLine ID="eSc_line_ffe7f80b"
                    TAGREFS="LT324"
                    BASELINE="495 2114 1002 2094 1230 2078 2047 2049 2475 2042" 
                    HPOS="493"
                    VPOS="1983"
                    WIDTH="1982"
                    HEIGHT="147">
            <Shape><Polygon POINTS="495 2114 495 2123 522 2130 523 2130 524 2130 553 2122 557 2120 562 2122 586 2129 588 2129 589 2129 591 2129 611 2119 628 2111 666 2111 698 2116 730 2122 731 2122 732 2122 748 2115 749 2115 797 2120 799 2120 800 2120 818 2112 825 2109 845 2111 927 2119 928 2119 929 2119 960 2108 1126 2104 1128 2104 1135 2101 1148 2094 1260 2096 1278 2096 1279 2096 1289 2094 1347 2087 1365 2092 1383 2097 1384 2097 1385 2097 1387 2097 1406 2090 1421 2085 1582 2079 1610 2083 1669 2093 1671 2093 1800 2089 1863 2074 1869 2074 1873 2074 1928 2083 1930 2083 2012 2075 2088 2079 2089 2079 2091 2079 2142 2065 2280 2069 2281 2069 2364 2056 2376 2054 2383 2056 2430 2065 2431 2065 2432 2065 2475 2052 2475 2042 2472 2001 2421 1983 2420 1983 2419 1983 2380 1990 2362 1983 2361 1983 2359 1983 2289 1991 2288 1991 2253 2007 2139 2010 2038 1988 2037 1988 1985 1996 1921 1985 1920 1985 1919 1985 1875 1996 1801 1990 1800 1990 1748 2001 1442 2002 1395 2009 1394 2009 1317 2039 1317 2041 1195 2043 1194 2043 1078 2016 1077 2016 983 2027 928 2024 927 2024 925 2024 867 2046 854 2042 852 2042 851 2042 850 2042 803 2057 801 2058 664 2061 614 2063 557 2049 556 2049 555 2049 553 2049 493 2067 495 2114"/></Shape>
	    <String CONTENT="libres paralelle a la dette rue dle Soissons fusille parasse St Louis"
                    HPOS="493"
                    VPOS="1983"
                    WIDTH="1982"
                    HEIGHT="147"
                    WC="0.988682003988736"></String>
          </TextLine>
          <TextLine ID="eSc_line_013777be"
                    TAGREFS="LT324"
                    BASELINE="519 2198 796 2189 1286 2159 2467 2133" 
                    HPOS="516"
                    VPOS="2072"
                    WIDTH="1951"
                    HEIGHT="179">
            <Shape><Polygon POINTS="519 2198 519 2251 641 2249 643 2249 648 2247 680 2239 695 2244 698 2246 699 2246 701 2246 726 2243 801 2236 839 2239 872 2240 873 2240 895 2236 943 2225 971 2232 994 2239 996 2239 997 2239 1106 2226 1172 2218 1184 2222 1213 2232 1215 2232 1216 2233 1255 2233 1255 2232 1325 2215 1329 2215 1333 2215 1390 2221 1391 2221 1392 2221 1423 2211 1436 2207 1453 2210 1508 2220 1509 2220 1511 2220 1538 2210 1582 2213 1584 2213 1585 2213 1609 2203 1649 2184 1697 2182 1898 2178 1928 2188 1996 2210 1997 2210 1998 2211 2034 2211 2034 2210 2102 2203 2103 2203 2150 2182 2215 2189 2216 2189 2302 2170 2317 2166 2467 2162 2467 2133 2461 2100 2386 2100 2288 2072 2286 2072 2285 2072 2284 2072 2212 2107 2204 2107 2184 2107 2182 2107 2089 2096 2088 2096 2022 2104 1930 2083 1903 2083 1902 2083 1901 2083 1839 2108 1793 2100 1792 2100 1790 2100 1742 2114 1672 2090 1671 2090 1669 2090 1497 2094 1496 2094 1425 2120 1281 2101 1279 2101 1055 2107 980 2111 979 2111 896 2144 840 2144 815 2136 814 2136 812 2136 811 2136 789 2147 516 2153 519 2198"/></Shape>
	    <String CONTENT="est comparne la ditte Louise malade fain ilu alitie, mais fame"
                    HPOS="516"
                    VPOS="2072"
                    WIDTH="1951"
                    HEIGHT="179"
                    WC="0.9746878031761416"></String>
          </TextLine>
        </TextBlock>
        <TextBlock HPOS="1223"
                   VPOS="2330"
                   WIDTH="114"
                   HEIGHT="92"
                   ID="eSc_textblock_627ae641"
                   TAGREFS="BT482">
          <Shape><Polygon POINTS="1260 2330 1293 2330 1337 2368 1315 2422 1223 2417 1223 2357 1260 2330"/></Shape>
          <TextLine ID="eSc_line_45b14e75"
                    TAGREFS="LT324"
                    BASELINE="1256 2406 1293 2404" 
                    HPOS="1253"
                    VPOS="2344"
                    WIDTH="40"
                    HEIGHT="77">
            <Shape><Polygon POINTS="1256 2406 1256 2421 1293 2421 1293 2404 1288 2344 1253 2345 1256 2406"/></Shape>
	    <String CONTENT="3"
                    HPOS="1253"
                    VPOS="2344"
                    WIDTH="40"
                    HEIGHT="77"
                    WC="0.9998350143432617"></String>
          </TextLine>
        </TextBlock>
        <TextBlock HPOS="275"
                   VPOS="1652"
                   WIDTH="4"
                   HEIGHT="4"
                   ID="eSc_textblock_f5f784d4"
                   TAGREFS="BT482">
          <Shape><Polygon POINTS="278 1652 279 1656 275 1656 275 1652 278 1652"/></Shape>
        </TextBlock>
        <TextBlock HPOS="281"
                   VPOS="1636"
                   WIDTH="4"
                   HEIGHT="9"
                   ID="eSc_textblock_84b16bce"
                   TAGREFS="BT482">
          <Shape><Polygon POINTS="285 1636 285 1645 281 1645 281 1636 285 1636"/></Shape>
        </TextBlock>
        <TextBlock HPOS="2187"
                   VPOS="2368"
                   WIDTH="10"
                   HEIGHT="38"
                   ID="eSc_textblock_d76bb1ee"
                   TAGREFS="BT482">
          <Shape><Polygon POINTS="2197 2368 2197 2406 2187 2406 2187 2385 2197 2368"/></Shape>
        </TextBlock>
        <TextBlock HPOS="2193"
                   VPOS="2346"
                   WIDTH="15"
                   HEIGHT="15"
                   ID="eSc_textblock_4df8762d"
                   TAGREFS="BT482">
          <Shape><Polygon POINTS="2202 2346 2208 2356 2198 2361 2193 2352 2202 2346"/></Shape>
        </TextBlock>
      </PrintSpace>
    </Page>
  </Layout>
</alto>
