2404 3508
1692 19 497 78 quatrir ingt qualaise

185 40 1751 123 Et pour executer le present testament la dette fanchion declaré

214 136 1729 99 nommée di motitee Lapeyqune dudit mallieeru Joseph Charliie

754 194 57 41 226

235 216 1728 109 ahor le quil elle fain sa redidence actaille dans lequil

220 304 1792 103 Ale Etablis Sa Confiance, da priant. En Conségance de

235 395 1839 88 fant à cceptatioi pour Lui donnor le dernsir. Démoignage

230 456 1862 115 de sa Biesteillanne, e dippaissant à cit Efon eu Sel ve

241 545 1845 115 recantt de tous Ses Tital Con sormment la Contumt

237 617 1790 123 le eat. Reglmeit, pour par lui au cut de sondin du sar

253 682 1819 150 dt Cmpioi Dij devant preveit Cuvri la ditte Ravoulane

257 773 1798 170 sa Paur prélisiimit pri lablenent fait dis quelle poure

1397 869 18 58 1

1433 865 91 74 2

232 900 1345 99 Divoir alas.   e

323 949 1809 140 Biclor La dit fauchou ietoqner a aimiuiller par ces

261 1034 1948 133 pe sentisà Oiss téssament de dJposition autecients, a Jreux

255 1114 2004 125 daux qu'ils seils alle Siiiête Comme Contenit ses deré an Volonséen

272 1194 1806 125 Qualle Ciitend éta Crécateer pourhellement aù eni de Jon dacs

294 1313 154 62 1120

448 1296 1809 113 Ce cat Arisi fait; disis le Btommée par la dité fanchon testatrice

282 1372 1964 120 de à elle par le de Jene Bapon Toufient Notane Sundet, Et le alie u

280 1455 1966 127 môt agoné Voutie du quéstence du Citoyen Bunit Disity le Jacquis

1368 1527 185 55 Fa 1

1577 1527 107 51 e pie

271 1553 1980 103 Cullit habitienr denoanale Séparement au dit Centoir ae port dde la

294 1627 1955 132 Pntermis Jole de Frane; Timoins pour e requii paur éla dite Fanchou

290 1701 1940 158 qui a dese declae bien dutendre l'Sonprends la Conteine en

298 1808 1946 119 présent Téstaimia le y pesidten Commé reu fmant el toui pvints

1091 1880 1166 119 inn de doicies ce lbres Jolonte Dedipilles

1093 1960 57 49 104

304 1991 805 113 all en lequis acte qui

296 2046 1959 130 dut. Lei Bénionne d'inonmés signé à telnoie d étaie, le présent

1279 2108 97 57 31.i

306 2124 1932 125 Lismin Senl Buzit Cons La, requitition de la dite fanchon qui

310 2192 1961 133 déclaré un Savoir Eane in sequer de Ce Cuquis suivont Lordonnanme

317 2276 1948 128 dioiéé Lachire réctrie signt, Decasq Gallit le Jean baptise Toufrain.

1078 2346 1138 121 le du Fenics le 3 Geriminal au B^d Signé

311 2373 739 119 Sontiol au pors IC.

1041 2424 148 74 11

1337 2416 544 86 [ i l da

670 2467 113 60 1302

801 2451 125 68 7

992 2455 29 57 4

313 2475 252 99 Satiirs.

717 2484 1014 84 aniteni 1on 2b5

503 2570 42 80 3

690 2539 1567 103 à Dgittré par moiPffier du Pribunal Citil

795 2627 82 54 114

506 2654 240 56 E 51i

549 2695 125 78 de

896 2671 141 71 de. 1

1091 2617 1158 103 Dstouis di lijole de France Sonssique

867 2701 1394 105 Sur Driqins du Bi Cestement à moi garsents

549 2788 55 102 11

676 2745 150 96 roti]

508 2833 26 59 4

680 2829 49 59 38

887 2769 1372 97 e Cit  Effit le dedait endu apiii montion

479 2880 41 82 4

565 2878 117 84 376

836 2909 31 43 d

892 2841 1361 99 faite Sud icalui du puesoit Enigistiement Au

358 2962 26 72 5

450 2954 66 88 5

653 2952 72 80 3

736 2972 102 60 22Va

916 2907 1289 109 Poit abord auili Jolé de fran le premier

582 3022 20 104 4

779 2979 1492 111 2 pluviole aui Anquieme de lü Rapublique

194 3087 36 83 4

612 3051 21 125 1

869 3048 821 124 à Pranenise une le Judisilibl

1421 3124 74 95 4

1676 3122 285 85 Bunon

1000 3198 50 54 42

1241 3151 39 68 4

610 3231 922 86 at dn c imt mn

368 3266 23 136 4

620 3289 150 57 daii

818 3287 82 57 227

33 3293 337 133 Ven denoir

567 3287 1667 117 uian dfaie Di Compar devant Les Notaires publice

150 3398 60 53 De

38 3408 301 98 Lidet

401 3367 1887 139 Leste de feance Soufriqééé. D^ne Jean Baptiste Vandaque deu
