<?xml version="1.0" encoding="UTF-8"?>
<alto xmlns:xsi="http://www.w3.org/2001/XMLSchema-instance"
      xmlns="http://www.loc.gov/standards/alto/ns-v4#"
      xsi:schemaLocation="http://www.loc.gov/standards/alto/ns-v4# http://www.loc.gov/standards/alto/v4/alto-4-2.xsd">
  <Description>
    <MeasurementUnit>pixel</MeasurementUnit>
    <sourceImageInformation>
      <fileName>JK13_2.pdf_page_35.png</fileName>
      <fileIdentifier>pdf//JK13_2.pdf</fileIdentifier>
    </sourceImageInformation>
  </Description>
  <Tags>
    <OtherTag ID="BT7" LABEL="CustomZone" DESCRIPTION="block type CustomZone"/><OtherTag ID="BT8" LABEL="DamageZone" DESCRIPTION="block type DamageZone"/><OtherTag ID="BT9" LABEL="DigitizationArtefactZone" DESCRIPTION="block type DigitizationArtefactZone"/><OtherTag ID="BT12" LABEL="MainZone" DESCRIPTION="block type MainZone"/><OtherTag ID="BT13" LABEL="MarginTextZone" DESCRIPTION="block type MarginTextZone"/><OtherTag ID="BT15" LABEL="NumberingZone" DESCRIPTION="block type NumberingZone"/><OtherTag ID="BT17" LABEL="QuireMarksZone" DESCRIPTION="block type QuireMarksZone"/><OtherTag ID="BT476" LABEL="CustomZone:closer" DESCRIPTION="block type CustomZone:closer"/><OtherTag ID="BT477" LABEL="CustomZone:paraph" DESCRIPTION="block type CustomZone:paraph"/><OtherTag ID="BT478" LABEL="di" DESCRIPTION="block type di"/><OtherTag ID="BT479" LABEL="NumberingZone:document" DESCRIPTION="block type NumberingZone:document"/><OtherTag ID="BT480" LABEL="NumberingZone:folio" DESCRIPTION="block type NumberingZone:folio"/><OtherTag ID="BT481" LABEL="NumberingZone:page" DESCRIPTION="block type NumberingZone:page"/><OtherTag ID="BT482" LABEL="text" DESCRIPTION="block type text"/>
    <OtherTag ID="LT8" LABEL="DefaultLine" DESCRIPTION="line type DefaultLine"/><OtherTag ID="LT10" LABEL="HeadingLine" DESCRIPTION="line type HeadingLine"/><OtherTag ID="LT11" LABEL="InterlinearLine" DESCRIPTION="line type InterlinearLine"/><OtherTag ID="LT324" LABEL="default" DESCRIPTION="line type default"/>
  </Tags>
  <Layout>
    <Page WIDTH="2479"
          HEIGHT="3292"
          PHYSICAL_IMG_NR="34"
          ID="eSc_dummypage_">
      <PrintSpace HPOS="0"
                  VPOS="0"
                  WIDTH="2479"
                  HEIGHT="3292">
        <TextBlock HPOS="153"
                   VPOS="0"
                   WIDTH="2282"
                   HEIGHT="3268"
                   ID="eSc_textblock_934fdf91"
                   TAGREFS="BT482">
          <Shape><Polygon POINTS="184 0 2318 14 2369 320 2383 263 2405 336 2391 415 2435 466 2361 468 2369 641 2339 731 2361 1146 2325 1521 2354 1799 2325 2148 2376 2631 2361 3012 2303 3158 1580 3180 1491 3246 1366 3268 1273 3268 1147 3202 995 3202 993 3180 907 3180 898 3202 783 3180 759 3217 658 3209 585 3173 561 3099 439 3048 512 2982 475 2816 234 2748 197 2617 212 2479 175 2448 168 2267 219 2150 358 2084 219 2024 190 1966 153 203 184 0"/></Shape>
          <TextLine ID="eSc_line_5fac1c67"
                    TAGREFS="LT324"
                    BASELINE="177 56 420 42" 
                    HPOS="175"
                    VPOS="9"
                    WIDTH="247"
                    HEIGHT="119">
            <Shape><Polygon POINTS="175 45 177 56 182 128 212 115 261 118 329 124 331 124 332 124 422 98 420 42 417 9 204 12 203 12 184 18 175 45"/></Shape>
	    <String CONTENT="marelle"
                    HPOS="175"
                    VPOS="9"
                    WIDTH="247"
                    HEIGHT="119"
                    WC="0.9602827514920916"></String>
          </TextLine>
          <TextLine ID="eSc_line_9ac970f2"
                    TAGREFS="LT324"
                    BASELINE="1730 31 1878 14" 
                    HPOS="1727"
                    VPOS="10"
                    WIDTH="151"
                    HEIGHT="35">
            <Shape><Polygon POINTS="1875 10 1856 10 1838 10 1818 10 1800 10 1781 10 1763 10 1745 10 1727 10 1730 31 1730 45 1829 42 1831 42 1878 23 1878 14 1877 10 1875 10"/></Shape>
	    <String CONTENT="V"
                    HPOS="1727"
                    VPOS="10"
                    WIDTH="151"
                    HEIGHT="35"
                    WC="0.9999926090240479"></String>
          </TextLine>
          <TextLine ID="eSc_line_7d50ca63"
                    TAGREFS="LT324"
                    BASELINE="526 91 731 87 1039 53 1132 32 1313 21" 
                    HPOS="519"
                    VPOS="5"
                    WIDTH="796"
                    HEIGHT="155">
            <Shape><Polygon POINTS="1287 7 1269 7 1251 7 1233 7 1214 7 1196 7 1178 7 1159 7 1141 7 1123 7 1105 7 1086 5 1068 5 1050 5 1031 5 1013 5 995 5 976 5 967 5 962 9 940 5 922 5 907 5 900 12 887 23 843 29 817 16 801 9 799 9 797 9 795 9 794 9 794 10 786 18 779 25 766 18 762 16 761 16 759 16 687 16 686 16 622 21 620 21 618 21 614 25 592 45 558 29 556 29 554 29 519 29 526 91 534 157 552 142 579 151 611 160 612 160 614 160 764 148 766 148 839 129 861 135 863 135 865 135 867 135 869 135 892 120 916 129 918 129 920 129 922 129 923 129 923 128 940 113 971 124 973 124 975 124 976 124 978 124 1011 96 1040 69 1108 65 1126 76 1128 76 1130 76 1132 76 1134 76 1136 76 1136 74 1148 60 1315 56 1313 21 1291 7 1287 7"/></Shape>
	    <String CONTENT="Gul poutat mantee leu tet"
                    HPOS="519"
                    VPOS="5"
                    WIDTH="796"
                    HEIGHT="155"
                    WC="0.7660474574565888"></String>
          </TextLine>
          <TextLine ID="eSc_line_8b2d13f7"
                    TAGREFS="LT324"
                    BASELINE="1897 91 2087 65 2296 67" 
                    HPOS="1891"
                    VPOS="12"
                    WIDTH="405"
                    HEIGHT="101">
            <Shape><Polygon POINTS="2200 12 2182 12 2164 12 2151 21 2138 29 2113 21 2087 14 2085 14 2056 14 2054 14 2052 14 2050 14 2039 21 2019 36 1996 21 1977 12 1975 12 1974 12 1891 21 1897 91 1897 113 1950 111 1952 111 1953 111 1977 91 2041 89 2052 98 2054 98 2056 98 2058 98 2060 98 2122 80 2140 87 2142 87 2144 87 2146 87 2178 78 2195 93 2199 96 2200 96 2202 96 2204 96 2206 96 2208 96 2215 91 2232 80 2253 87 2272 93 2274 93 2275 93 2277 93 2296 84 2296 67 2290 21 2232 23 2224 21 2200 12 2200 12"/></Shape>
	    <String CONTENT="Au domition"
                    HPOS="1891"
                    VPOS="12"
                    WIDTH="405"
                    HEIGHT="101"
                    WC="0.9122063734314658"></String>
          </TextLine>
          <TextLine ID="eSc_line_3b0c90ef"
                    TAGREFS="LT324"
                    BASELINE="162 173 351 168 497 153" 
                    HPOS="160"
                    VPOS="91"
                    WIDTH="337"
                    HEIGHT="115">
            <Shape><Polygon POINTS="160 149 162 173 164 206 497 173 497 153 490 91 398 96 397 96 395 96 386 104 358 120 334 111 332 111 331 111 329 111 279 124 267 118 250 111 248 111 246 111 245 111 243 111 234 120 203 107 201 107 199 107 197 107 195 107 195 109 193 109 177 129 177 131 162 131 160 149"/></Shape>
	    <String CONTENT="Lanone Aditi"
                    HPOS="160"
                    VPOS="91"
                    WIDTH="337"
                    HEIGHT="115"
                    WC="0.9131660958131155"></String>
          </TextLine>
          <TextLine ID="eSc_line_6d251962"
                    TAGREFS="LT324"
                    BASELINE="519 177 565 184 740 177 825 160 984 148 1099 122 1692 56" 
                    HPOS="514"
                    VPOS="9"
                    WIDTH="1178"
                    HEIGHT="214">
            <Shape><Polygon POINTS="1674 9 1655 9 1637 9 1635 9 1520 27 1489 25 1472 23 1470 23 1469 23 1452 29 1417 40 1386 36 1372 36 1370 36 1368 36 1366 36 1361 40 1348 47 1302 47 1253 47 1251 47 1249 47 1218 58 1165 76 1147 67 1137 62 1136 62 1134 62 1081 69 1079 69 1077 69 1068 76 1028 102 958 107 944 98 942 98 940 98 938 98 936 98 934 98 934 100 922 111 883 107 881 107 879 107 878 107 858 120 609 146 576 137 548 128 547 128 545 128 543 128 514 142 519 177 523 223 576 219 578 219 579 219 579 217 596 204 695 204 695 203 697 203 748 184 885 184 887 184 889 184 890 184 890 182 905 170 945 171 947 171 949 171 951 171 969 159 991 159 1008 171 1009 171 1011 171 1013 171 1024 171 1068 166 1070 166 1119 142 1392 128 1394 128 1445 109 1489 120 1491 120 1492 120 1628 106 1630 106 1631 106 1648 93 1692 98 1692 56 1683 9 1674 9"/></Shape>
	    <String CONTENT="le nommée adrlaite ce latacheent quil jorrs"
                    HPOS="514"
                    VPOS="9"
                    WIDTH="1178"
                    HEIGHT="214"
                    WC="0.9449603917986847"></String>
          </TextLine>
          <TextLine ID="eSc_line_ee1f10a0"
                    TAGREFS="LT324"
                    BASELINE="175 274 746 259 1070 221 1161 203 1474 170 1855 104" 
                    HPOS="170"
                    VPOS="64"
                    WIDTH="1686"
                    HEIGHT="270">
            <Shape><Polygon POINTS="788 168 770 171 751 175 733 179 720 179 704 190 636 199 578 192 493 179 492 179 490 179 439 201 365 190 364 190 212 203 210 203 208 203 170 228 175 274 181 334 246 290 289 299 290 299 424 277 490 299 504 305 506 305 508 305 565 299 567 299 590 288 623 274 658 281 697 290 698 290 700 290 737 274 748 268 775 268 890 274 892 274 1084 257 1086 257 1170 226 1194 217 1211 221 1216 223 1218 223 1220 223 1244 217 1293 206 1319 210 1405 221 1406 221 1469 213 1470 213 1472 213 1505 190 1511 186 1523 188 1611 197 1613 197 1615 197 1617 197 1648 173 1856 149 1855 104 1847 64 1688 91 1642 89 1641 89 1639 89 1582 113 1480 113 1478 113 1476 113 1434 131 1249 129 1247 129 1245 129 1205 148 1159 140 1158 140 1156 140 1154 140 1132 159 901 177 803 168 792 166 788 168"/></Shape>
	    <String CONTENT="Pre diit tonfil tou deux eoles de atte dele leur a par ces presenter"
                    HPOS="170"
                    VPOS="64"
                    WIDTH="1686"
                    HEIGHT="270"
                    WC="0.8422706628985265"></String>
          </TextLine>
          <TextLine ID="eSc_line_3bb0751e"
                    TAGREFS="LT324"
                    BASELINE="501 352 819 340 1752 228 1864 199 2071 177 2160 170 2328 175" 
                    HPOS="492"
                    VPOS="102"
                    WIDTH="1836"
                    HEIGHT="304">
            <Shape><Polygon POINTS="501 352 506 406 726 384 728 384 837 349 909 363 911 363 912 363 998 354 1000 354 1002 354 1053 325 1116 320 1161 334 1163 334 1165 334 1167 334 1207 312 1399 290 1425 298 1427 298 1428 298 1430 298 1463 281 1628 285 1635 285 1637 285 1639 285 1641 285 1708 250 1739 257 1741 257 1743 257 1745 257 1807 232 1888 224 2003 224 2005 224 2006 224 2043 206 2208 190 2328 208 2328 175 2319 109 2184 102 2182 102 1974 135 1816 142 1814 142 1813 142 1792 160 1695 162 1694 162 1642 177 1558 199 1516 188 1503 186 1502 186 1500 186 1487 192 1395 230 1271 232 1269 232 1240 246 858 287 759 267 757 267 755 267 753 267 735 279 658 272 640 270 638 270 492 287 501 352"/></Shape>
	    <String CONTENT="rntavifs pure simple et ienoiable et enla malln frine qus donatien"
                    HPOS="492"
                    VPOS="102"
                    WIDTH="1836"
                    HEIGHT="304"
                    WC="0.9400293402599565"></String>
          </TextLine>
          <TextLine ID="eSc_line_895cd667"
                    TAGREFS="LT324"
                    BASELINE="512 395 523 395" 
                    HPOS="512"
                    VPOS="352"
                    WIDTH="11"
                    HEIGHT="63">
            <Shape><Polygon POINTS="512 352 512 395 512 413 521 415 523 395 523 352 512 352"/></Shape>
	    <String CONTENT="1"
                    HPOS="512"
                    VPOS="352"
                    WIDTH="11"
                    HEIGHT="63"
                    WC="0.9972487092018127"></String>
          </TextLine>
          <TextLine ID="eSc_line_94959360"
                    TAGREFS="LT324"
                    BASELINE="1597 345 1926 305 2204 303" 
                    HPOS="1591"
                    VPOS="241"
                    WIDTH="613"
                    HEIGHT="132">
            <Shape><Polygon POINTS="1597 345 1599 373 1794 360 1796 360 1827 349 1893 325 1992 320 2010 329 2012 329 2014 329 2016 329 2017 329 2017 327 2019 327 2027 316 2063 314 2118 318 2162 321 2164 321 2166 321 2204 309 2204 303 2199 257 2067 265 2063 263 2021 241 2019 241 2017 241 1877 265 1791 243 1789 243 1787 243 1666 252 1664 252 1663 252 1663 254 1630 285 1624 290 1591 288 1597 345"/></Shape>
	    <String CONTENT="qaat garanti"
                    HPOS="1591"
                    VPOS="241"
                    WIDTH="613"
                    HEIGHT="132"
                    WC="0.8587630937496821"></String>
          </TextLine>
          <TextLine ID="eSc_line_ce4aa82e"
                    TAGREFS="LT324"
                    BASELINE="1139 406 1560 356" 
                    HPOS="1132"
                    VPOS="287"
                    WIDTH="428"
                    HEIGHT="161">
            <Shape><Polygon POINTS="1549 287 1520 301 1443 299 1414 299 1412 299 1410 299 1397 305 1362 320 1322 314 1304 312 1302 312 1251 323 1205 332 1194 331 1185 327 1183 327 1181 327 1180 327 1178 327 1172 332 1158 343 1132 338 1139 406 1145 448 1205 431 1225 437 1227 437 1229 437 1231 437 1233 437 1234 437 1236 435 1251 424 1260 431 1262 433 1264 433 1266 433 1267 433 1269 433 1271 433 1275 429 1300 411 1373 413 1375 413 1545 382 1558 387 1560 356 1549 287"/></Shape>
	    <String CONTENT="qande palidit"
                    HPOS="1132"
                    VPOS="287"
                    WIDTH="428"
                    HEIGHT="161"
                    WC="0.9071315549887143"></String>
          </TextLine>
          <TextLine ID="eSc_line_ce8c7fa0"
                    TAGREFS="LT324"
                    BASELINE="210 471 466 462 1070 420" 
                    HPOS="208"
                    VPOS="367"
                    WIDTH="862"
                    HEIGHT="128">
            <Shape><Polygon POINTS="210 493 437 480 446 480 521 495 523 495 609 490 611 490 612 490 636 470 640 468 645 468 717 482 719 482 837 459 918 470 920 470 1009 449 1042 460 1044 460 1046 460 1048 460 1050 460 1070 442 1070 420 1062 367 987 389 973 380 971 380 969 380 967 380 965 380 933 395 901 395 885 380 883 380 881 380 879 380 826 382 737 387 735 387 733 387 709 406 662 393 660 393 658 393 656 393 654 393 596 413 550 402 548 402 547 402 545 402 510 420 472 415 470 415 340 433 237 433 208 422 210 471 210 493"/></Shape>
	    <String CONTENT="Daand fop  lloin le pury"
                    HPOS="208"
                    VPOS="367"
                    WIDTH="862"
                    HEIGHT="128"
                    WC="0.8744333349168301"></String>
          </TextLine>
          <TextLine ID="eSc_line_01632bdb"
                    TAGREFS="LT324"
                    BASELINE="199 554 944 530 1223 506 1394 479 1783 438 1977 404 2246 393" 
                    HPOS="195"
                    VPOS="338"
                    WIDTH="2051"
                    HEIGHT="269">
            <Shape><Polygon POINTS="199 554 201 587 236 577 257 585 323 607 325 607 327 607 876 574 878 574 879 574 922 548 993 548 995 548 1161 521 1249 524 1251 524 1253 524 1328 501 1377 506 1379 506 1534 484 1556 491 1558 491 1560 491 1684 471 1785 455 1811 460 1853 473 1855 473 1856 473 1858 473 1915 453 1937 444 2246 426 2246 393 2241 338 2080 349 2078 349 2076 349 2072 352 2056 362 2038 354 2025 351 2023 351 2021 351 1893 358 1891 358 1864 371 1796 402 1695 385 1681 384 1679 384 1571 393 1540 380 1538 380 1536 380 1489 382 1295 416 1247 413 1245 413 1244 413 1203 429 1141 455 1075 460 995 448 971 444 969 444 929 453 806 484 640 491 576 484 556 482 554 482 552 482 536 488 497 502 195 517 199 554"/></Shape>
	    <String CONTENT="moga caanle alisatiies pinduationr et autres ampéchement"
                    HPOS="195"
                    VPOS="338"
                    WIDTH="2051"
                    HEIGHT="269"
                    WC="0.88333047074931"></String>
          </TextLine>
          <TextLine ID="eSc_line_94fd0916"
                    TAGREFS="LT324"
                    BASELINE="1386 570 1600 546 1747 519 2140 486 2327 482" 
                    HPOS="1381"
                    VPOS="406"
                    WIDTH="946"
                    HEIGHT="192">
            <Shape><Polygon POINTS="2316 406 2288 420 2264 409 2253 406 2252 406 2250 406 2100 418 2098 418 2096 418 2096 420 2094 420 2091 426 2060 462 2008 468 1911 473 1844 449 1825 442 1824 442 1822 442 1759 448 1758 448 1730 459 1637 501 1467 513 1381 491 1386 570 1388 592 1410 583 1427 590 1445 598 1447 598 1448 598 1637 581 1639 581 1663 570 1666 568 1681 568 1738 572 1739 572 1741 572 1781 561 1831 546 1897 550 1942 554 1944 554 1946 554 1964 545 1996 532 2028 541 2041 543 2043 543 2045 543 2047 543 2049 543 2049 541 2052 537 2072 519 2213 508 2250 515 2252 515 2253 515 2283 504 2323 515 2327 482 2316 406"/></Shape>
	    <String CONTENT="Cortiit les téritien t yant"
                    HPOS="1381"
                    VPOS="406"
                    WIDTH="946"
                    HEIGHT="192"
                    WC="0.8828348009674637"></String>
          </TextLine>
          <TextLine ID="eSc_line_59c3d70d"
                    TAGREFS="LT324"
                    BASELINE="1772 616 1889 603 2158 603" 
                    HPOS="1770"
                    VPOS="519"
                    WIDTH="388"
                    HEIGHT="117">
            <Shape><Polygon POINTS="1772 616 1772 636 1931 632 1933 632 1979 619 1992 629 1994 629 1996 629 1997 629 1999 629 2025 619 2155 623 2158 603 2155 535 2125 519 2124 519 2122 519 2085 519 2083 519 2081 519 2043 528 1994 521 1992 521 1990 521 1950 543 1770 545 1772 616"/></Shape>
	    <String CONTENT="dlélaile F"
                    HPOS="1770"
                    VPOS="519"
                    WIDTH="388"
                    HEIGHT="117"
                    WC="0.9267914712429046"></String>
          </TextLine>
          <TextLine ID="eSc_line_5bb2b0f4"
                    TAGREFS="LT324"
                    BASELINE="261 684 287 684" 
                    HPOS="261"
                    VPOS="623"
                    WIDTH="26"
                    HEIGHT="101">
            <Shape><Polygon POINTS="261 722 285 724 287 684 287 629 263 623 261 684 261 722"/></Shape>
	    <String CONTENT="9"
                    HPOS="261"
                    VPOS="623"
                    WIDTH="26"
                    HEIGHT="101"
                    WC="0.9982017278671265"></String>
          </TextLine>
          <TextLine ID="eSc_line_14af4ae2"
                    TAGREFS="LT324"
                    BASELINE="353 684 440 682" 
                    HPOS="351"
                    VPOS="623"
                    WIDTH="89"
                    HEIGHT="101">
            <Shape><Polygon POINTS="353 684 353 720 439 724 440 682 435 623 351 643 353 684"/></Shape>
	    <String CONTENT="2a"
                    HPOS="351"
                    VPOS="623"
                    WIDTH="89"
                    HEIGHT="101"
                    WC="0.9964531064033508"></String>
          </TextLine>
          <TextLine ID="eSc_line_205331d4"
                    TAGREFS="LT324"
                    BASELINE="523 634 962 619 1339 588" 
                    HPOS="519"
                    VPOS="535"
                    WIDTH="820"
                    HEIGHT="138">
            <Shape><Polygon POINTS="523 634 526 673 592 651 665 649 684 662 686 663 687 663 689 663 691 663 728 658 799 649 828 651 858 654 859 654 861 654 889 647 938 634 967 641 993 647 995 647 1083 641 1084 641 1110 630 1132 623 1154 629 1181 634 1183 634 1185 634 1209 625 1222 619 1233 623 1262 630 1264 630 1266 630 1267 630 1291 618 1300 614 1339 614 1339 588 1333 535 1267 548 1251 541 1249 541 1247 541 1245 541 1244 541 1158 568 1086 570 1040 555 1028 552 1026 552 1024 552 863 566 861 566 856 568 821 587 700 590 687 581 678 574 676 574 675 574 673 574 671 574 669 574 669 576 660 583 649 596 579 596 570 590 565 585 563 585 561 585 559 585 519 592 523 634"/></Shape>
	    <String CONTENT="ponalement queléonguir audie"
                    HPOS="519"
                    VPOS="535"
                    WIDTH="820"
                    HEIGHT="138"
                    WC="0.9683032653161457"></String>
          </TextLine>
          <TextLine ID="eSc_line_a0cd1fbe"
                    TAGREFS="LT324"
                    BASELINE="499 676 695 673" 
                    HPOS="497"
                    VPOS="638"
                    WIDTH="198"
                    HEIGHT="80">
            <Shape><Polygon POINTS="499 676 499 698 543 698 547 698 592 716 594 716 596 716 598 716 616 709 678 718 680 718 682 718 684 718 695 707 695 673 689 638 497 645 499 676"/></Shape>
	    <String CONTENT="d"
                    HPOS="497"
                    VPOS="638"
                    WIDTH="198"
                    HEIGHT="80"
                    WC="0.9998801946640015"></String>
          </TextLine>
          <TextLine ID="eSc_line_0cc5a030"
                    TAGREFS="LT324"
                    BASELINE="254 748 323 748" 
                    HPOS="254"
                    VPOS="709"
                    WIDTH="69"
                    HEIGHT="64">
            <Shape><Polygon POINTS="254 748 254 773 323 773 323 748 323 718 254 709 254 748"/></Shape>
	    <String CONTENT="40"
                    HPOS="254"
                    VPOS="709"
                    WIDTH="69"
                    HEIGHT="64"
                    WC="0.9997209012508392"></String>
          </TextLine>
          <TextLine ID="eSc_line_2eba40e4"
                    TAGREFS="LT324"
                    BASELINE="525 740 945 727 1240 696 1445 662 1703 636 1747 625" 
                    HPOS="519"
                    VPOS="565"
                    WIDTH="1230"
                    HEIGHT="215">
            <Shape><Polygon POINTS="525 740 526 764 567 779 568 779 570 779 572 779 636 757 664 768 665 768 667 768 770 764 812 780 814 780 815 780 817 780 876 766 922 771 923 771 925 771 927 771 960 746 1028 757 1030 757 1031 757 1033 757 1075 722 1077 722 1086 722 1123 722 1174 751 1176 751 1178 751 1180 751 1335 740 1337 740 1339 740 1361 726 1430 733 1432 733 1434 733 1514 687 1749 669 1747 625 1738 565 1408 590 1359 601 1331 609 1326 605 1313 598 1311 598 1309 598 1308 598 1306 598 1275 610 1260 616 1238 614 1216 612 1214 612 1212 612 1185 619 1163 625 1152 623 1136 618 1134 618 1132 618 1130 618 1114 627 1044 665 892 665 890 665 889 665 832 682 596 698 519 687 525 740"/></Shape>
	    <String CONTENT="ao at auple pau ledu faleri Jar la dition"
                    HPOS="519"
                    VPOS="565"
                    WIDTH="1230"
                    HEIGHT="215"
                    WC="0.8124255959580584"></String>
          </TextLine>
          <TextLine ID="eSc_line_d15cae17"
                    TAGREFS="LT324"
                    BASELINE="495 843 1485 773 2039 711 2232 707" 
                    HPOS="492"
                    VPOS="656"
                    WIDTH="1740"
                    HEIGHT="210">
            <Shape><Polygon POINTS="495 843 497 866 709 844 751 852 801 859 803 859 804 859 834 844 854 835 870 843 889 850 890 850 892 850 967 837 1079 837 1081 837 1083 837 1105 826 1117 819 1139 823 1158 826 1159 826 1161 826 1163 826 1170 821 1178 815 1198 819 1229 824 1231 824 1233 824 1262 813 1271 812 1298 812 1383 813 1384 813 1386 813 1423 802 1456 793 1480 799 1500 802 1502 802 1503 802 1505 802 1514 797 1536 782 1600 790 1631 793 1633 793 1635 793 1657 786 1714 764 1920 749 1957 764 1964 768 1966 768 1968 768 2142 753 2144 753 2149 751 2178 737 2232 744 2232 707 2228 671 2169 656 2167 656 2166 656 2120 665 2069 660 2067 660 2012 665 2010 665 2008 665 1972 689 1858 678 1856 678 1855 678 1791 704 1785 705 1776 705 1683 696 1681 696 1679 696 1620 713 1491 709 1489 709 1487 709 1436 729 1428 735 1225 748 1216 746 1161 735 1159 735 1158 735 1156 735 1130 753 1123 757 1088 755 1020 753 1019 753 971 764 962 766 953 766 912 762 911 762 909 762 907 762 898 769 892 773 876 771 786 760 784 760 623 773 622 773 587 793 570 801 492 801 495 843"/></Shape>
	    <String CONTENT="unterim implement itui et décit ausi quel va iler du et en outie"
                    HPOS="492"
                    VPOS="656"
                    WIDTH="1740"
                    HEIGHT="210"
                    WC="0.9177505122497678"></String>
          </TextLine>
          <TextLine ID="eSc_line_35f83254"
                    TAGREFS="LT324"
                    BASELINE="541 936 1181 890 2041 812 2303 808" 
                    HPOS="534"
                    VPOS="749"
                    WIDTH="1771"
                    HEIGHT="227">
            <Shape><Polygon POINTS="541 936 543 976 955 949 956 949 967 943 1026 916 1260 903 1304 916 1315 919 1317 919 1319 919 1456 908 1458 908 1480 903 1569 874 1683 879 1684 879 1686 879 1730 861 1767 872 1769 872 1770 872 1772 872 1822 852 1935 844 2001 857 2003 857 2005 857 2078 833 2140 848 2146 848 2147 848 2149 848 2151 848 2151 846 2164 837 2305 833 2303 808 2297 760 2199 766 2197 766 2173 753 2171 753 2100 753 2098 753 2096 753 2094 753 2081 762 2058 749 2056 749 2054 749 2052 749 1990 779 1975 786 1684 808 1653 799 1642 797 1641 797 1639 797 1531 804 1485 791 1483 791 1481 791 1227 812 1055 826 1053 826 1051 826 1033 839 997 859 839 857 837 857 836 857 790 879 717 870 715 870 713 870 711 870 687 888 638 892 576 868 574 868 572 868 534 868 541 936"/></Shape>
	    <String CONTENT="Cppité at quatre enlaves dont sera fait meution n apus se dis"
                    HPOS="534"
                    VPOS="749"
                    WIDTH="1771"
                    HEIGHT="227"
                    WC="0.9400112804819326"></String>
          </TextLine>
          <TextLine ID="eSc_line_ca0c4062"
                    TAGREFS="LT324"
                    BASELINE="212 1022 923 1000 2021 907 2274 897" 
                    HPOS="208"
                    VPOS="837"
                    WIDTH="2066"
                    HEIGHT="214">
            <Shape><Polygon POINTS="212 1022 214 1051 512 1033 521 1033 700 1046 702 1046 1024 1024 1169 1002 1256 1004 1258 1004 1359 982 1428 996 1430 996 1498 982 1562 987 1564 987 1743 972 1745 972 1747 972 1785 947 1787 945 1919 938 1920 938 1996 949 1997 949 1999 949 2050 930 2210 927 2274 912 2274 897 2266 837 1988 855 1986 855 1977 859 1906 887 1725 896 1690 885 1688 885 1686 885 1684 885 1641 897 1584 888 1556 885 1555 885 1459 892 1458 892 1439 899 1392 919 1306 910 1304 910 1302 910 1300 910 1258 929 1114 925 1105 925 1103 925 1101 925 1097 925 1033 943 949 940 947 940 697 965 660 960 633 954 631 954 208 993 212 1022"/></Shape>
	    <String CONTENT="hor du aont empleant lu mon ditte aue der Pamplemoussis tomé du coté"
                    HPOS="208"
                    VPOS="837"
                    WIDTH="2066"
                    HEIGHT="214"
                    WC="0.9234679661252919"></String>
          </TextLine>
          <TextLine ID="eSc_line_ad7ae066"
                    TAGREFS="LT324"
                    BASELINE="204 1141 561 1133" 
                    HPOS="203"
                    VPOS="1082"
                    WIDTH="358"
                    HEIGHT="79">
            <Shape><Polygon POINTS="550 1099 532 1099 530 1090 488 1082 486 1082 407 1099 386 1084 384 1084 382 1084 380 1084 378 1084 376 1084 358 1099 338 1091 336 1091 334 1091 332 1091 331 1091 320 1100 290 1086 289 1086 287 1086 203 1102 204 1141 204 1161 384 1148 444 1152 548 1157 550 1157 552 1157 554 1157 554 1155 561 1148 561 1133 558 1099 550 1099"/></Shape>
	    <String CONTENT="Anm"
                    HPOS="203"
                    VPOS="1082"
                    WIDTH="358"
                    HEIGHT="79"
                    WC="0.9988792936007181"></String>
          </TextLine>
          <TextLine ID="eSc_line_da4b47ca"
                    TAGREFS="LT324"
                    BASELINE="532 1099 678 1097 1721 1031 2043 996 2305 991" 
                    HPOS="526"
                    VPOS="943"
                    WIDTH="1779"
                    HEIGHT="200">
            <Shape><Polygon POINTS="532 1099 534 1143 587 1141 589 1141 590 1141 623 1117 708 1111 792 1119 794 1119 795 1119 825 1104 956 1106 958 1106 1222 1079 1267 1090 1295 1095 1297 1095 1397 1090 1399 1090 1401 1090 1419 1077 1439 1066 1498 1071 1567 1079 1569 1079 1761 1066 1763 1066 1765 1066 1783 1055 1939 1055 1941 1055 2111 1026 2127 1031 2129 1031 2131 1031 2133 1031 2135 1031 2146 1022 2149 1020 2166 1020 2250 1026 2252 1026 2253 1026 2305 1009 2305 991 2299 954 2188 960 2182 960 2087 943 2085 943 1986 954 1985 954 1922 974 1908 978 1884 976 1842 972 1840 972 1838 972 1809 980 1789 985 1780 982 1741 965 1739 965 1738 965 1498 996 1423 985 1421 985 1419 985 1348 1005 1306 1018 1189 1024 1169 1015 1159 1011 1158 1011 1156 1011 1154 1011 1152 1011 1145 1016 1132 1027 1019 1035 927 1029 879 1026 878 1026 876 1026 847 1033 810 1042 799 1035 795 1033 794 1033 792 1033 790 1033 742 1038 711 1042 704 1040 676 1033 675 1033 673 1033 526 1049 532 1099"/></Shape>
	    <String CONTENT="du mudt par l la dte re vur due foail ui toisis un peuns a"
                    HPOS="526"
                    VPOS="943"
                    WIDTH="1779"
                    HEIGHT="200"
                    WC="0.8333452765283913"></String>
          </TextLine>
          <TextLine ID="eSc_line_95e9af0d"
                    TAGREFS="LT324"
                    BASELINE="537 1194 2087 1091 2321 1088" 
                    HPOS="534"
                    VPOS="1035"
                    WIDTH="1787"
                    HEIGHT="208">
            <Shape><Polygon POINTS="537 1194 543 1243 645 1212 676 1229 678 1229 715 1230 737 1230 739 1230 753 1229 848 1205 903 1214 905 1214 907 1214 931 1203 951 1212 956 1216 958 1216 960 1216 1125 1205 1126 1205 1141 1197 1194 1174 1264 1188 1287 1194 1289 1194 1291 1194 1319 1185 1392 1159 1609 1146 1679 1154 1681 1154 1752 1137 1829 1146 1866 1150 1867 1150 1869 1150 1871 1150 1884 1143 1899 1133 1959 1135 2087 1143 2089 1143 2173 1137 2175 1137 2177 1137 2202 1117 2217 1108 2319 1108 2321 1088 2314 1038 2085 1053 2081 1053 2038 1035 2036 1035 2034 1035 2032 1035 2030 1035 2014 1047 1986 1038 1985 1038 1983 1038 1889 1055 1867 1046 1866 1046 1864 1046 1637 1060 1635 1060 1534 1088 1523 1091 1439 1093 1373 1095 1341 1082 1339 1082 1337 1082 1335 1082 1278 1104 1271 1108 1209 1110 1205 1108 1163 1091 1161 1091 1159 1091 1055 1099 1053 1099 1051 1099 1020 1121 1015 1124 858 1132 854 1132 826 1119 825 1119 823 1119 821 1119 819 1119 801 1133 724 1139 698 1141 695 1141 570 1130 568 1130 567 1130 565 1130 534 1148 537 1194"/></Shape>
	    <String CONTENT="laet paos le ferten fagnant sui donse loir deux quli six pore"
                    HPOS="534"
                    VPOS="1035"
                    WIDTH="1787"
                    HEIGHT="208"
                    WC="0.9362404302495425"></String>
          </TextLine>
          <TextLine ID="eSc_line_815cfad7"
                    TAGREFS="LT324"
                    BASELINE="1481 1223 1509 1223" 
                    HPOS="1481"
                    VPOS="1183"
                    WIDTH="28"
                    HEIGHT="60">
            <Shape><Polygon POINTS="1481 1223 1481 1230 1483 1239 1507 1243 1509 1223 1505 1183 1481 1190 1481 1223"/></Shape>
	    <String CONTENT="1"
                    HPOS="1481"
                    VPOS="1183"
                    WIDTH="28"
                    HEIGHT="60"
                    WC="0.999950647354126"></String>
          </TextLine>
          <TextLine ID="eSc_line_2cdb0778"
                    TAGREFS="LT324"
                    BASELINE="1538 1219 2056 1177 2314 1175" 
                    HPOS="1534"
                    VPOS="1135"
                    WIDTH="780"
                    HEIGHT="123">
            <Shape><Polygon POINTS="1538 1219 1540 1252 1573 1258 1575 1258 1577 1258 1578 1258 1578 1256 1586 1249 1595 1238 1611 1247 1626 1254 1628 1254 1630 1254 1759 1247 1761 1247 1763 1247 1783 1232 1798 1223 1880 1219 1897 1223 1919 1230 1920 1230 1922 1230 1924 1230 1926 1230 1942 1219 1953 1214 1964 1218 1997 1230 1999 1230 2001 1230 2003 1230 2047 1210 2049 1210 2149 1205 2189 1214 2191 1214 2193 1214 2314 1188 2314 1175 2310 1135 2083 1135 2081 1135 1972 1143 1970 1143 1968 1143 1948 1155 1935 1146 1933 1146 1931 1146 1930 1146 1811 1154 1734 1172 1710 1161 1708 1161 1706 1161 1705 1161 1703 1161 1683 1175 1681 1177 1534 1185 1538 1219"/></Shape>
	    <String CONTENT="sur fept touis ce dem"
                    HPOS="1534"
                    VPOS="1135"
                    WIDTH="780"
                    HEIGHT="123"
                    WC="0.9642253489721389"></String>
          </TextLine>
          <TextLine ID="eSc_line_6702ae67"
                    TAGREFS="LT324"
                    BASELINE="199 1276 762 1271 1483 1232" 
                    HPOS="197"
                    VPOS="1194"
                    WIDTH="1286"
                    HEIGHT="124">
            <Shape><Polygon POINTS="199 1276 199 1307 219 1316 221 1316 223 1316 225 1316 226 1316 245 1305 250 1302 292 1302 298 1303 331 1318 332 1318 334 1318 336 1318 338 1318 360 1302 367 1298 415 1300 547 1309 548 1309 656 1298 788 1302 790 1302 792 1302 810 1293 819 1287 944 1276 1002 1287 1030 1293 1031 1293 1033 1293 1050 1287 1094 1271 1125 1285 1134 1289 1136 1289 1137 1289 1139 1289 1141 1289 1147 1285 1161 1276 1178 1283 1187 1287 1189 1287 1191 1287 1220 1283 1342 1261 1386 1280 1388 1280 1390 1280 1392 1280 1483 1276 1483 1232 1478 1199 1203 1212 1174 1207 1112 1194 1110 1194 1108 1194 1106 1194 1084 1208 1073 1216 1026 1210 923 1199 922 1199 870 1201 869 1201 830 1216 810 1223 759 1218 750 1218 748 1218 746 1218 744 1218 715 1232 536 1236 503 1225 477 1216 475 1216 473 1216 472 1216 444 1227 431 1230 415 1227 376 1219 375 1219 373 1219 353 1229 342 1234 329 1230 311 1223 309 1223 307 1223 197 1232 199 1276"/></Shape>
	    <String CONTENT="Cnesile Lnorpar le lerint aprortenant a hous"
                    HPOS="197"
                    VPOS="1194"
                    WIDTH="1286"
                    HEIGHT="124"
                    WC="0.818669122051109"></String>
          </TextLine>
          <TextLine ID="eSc_line_1756d49f"
                    TAGREFS="LT324"
                    BASELINE="214 1344 508 1344" 
                    HPOS="214"
                    VPOS="1285"
                    WIDTH="294"
                    HEIGHT="97">
            <Shape><Polygon POINTS="214 1344 214 1375 343 1382 345 1382 433 1373 439 1373 440 1373 468 1382 470 1382 472 1382 473 1382 508 1371 508 1344 508 1294 367 1285 365 1285 364 1285 323 1296 320 1296 316 1296 257 1285 256 1285 254 1285 214 1296 214 1344"/></Shape>
	    <String CONTENT="a ant"
                    HPOS="214"
                    VPOS="1285"
                    WIDTH="294"
                    HEIGHT="97"
                    WC="0.8174558937549591"></String>
          </TextLine>
          <TextLine ID="eSc_line_28f7a906"
                    TAGREFS="LT324"
                    BASELINE="1695 1300 2012 1282 2116 1263 2288 1260" 
                    HPOS="1692"
                    VPOS="1201"
                    WIDTH="596"
                    HEIGHT="134">
            <Shape><Polygon POINTS="1697 1335 1752 1333 1754 1333 1756 1333 1758 1331 1791 1309 1838 1322 1840 1322 1842 1322 1844 1322 1845 1322 1845 1320 1860 1307 1931 1302 1948 1313 1957 1320 1959 1320 1961 1320 1963 1320 1964 1320 1966 1320 1966 1318 1975 1311 1999 1318 2001 1318 2003 1318 2005 1318 2006 1318 2021 1307 2153 1307 2155 1307 2157 1307 2200 1287 2204 1285 2288 1278 2288 1260 2285 1219 2255 1201 2253 1201 2252 1201 2250 1201 2248 1201 2246 1201 2246 1203 2232 1216 2197 1205 2195 1205 2193 1205 2122 1208 2120 1208 2118 1208 2118 1210 2103 1225 2069 1219 2067 1219 2065 1219 2063 1219 2063 1221 2050 1234 2047 1239 2038 1234 2001 1216 1999 1216 1997 1216 1996 1216 1994 1216 1994 1218 1981 1230 1959 1219 1957 1219 1955 1219 1953 1219 1917 1239 1904 1247 1886 1241 1877 1239 1875 1239 1873 1239 1871 1239 1864 1243 1840 1252 1692 1252 1695 1300 1697 1335"/></Shape>
	    <String CONTENT="apperten chourt"
                    HPOS="1692"
                    VPOS="1201"
                    WIDTH="596"
                    HEIGHT="134"
                    WC="0.9412414391835531"></String>
          </TextLine>
          <TextLine ID="eSc_line_14383fc1"
                    TAGREFS="LT324"
                    BASELINE="536 1364 1633 1313" 
                    HPOS="532"
                    VPOS="1261"
                    WIDTH="1101"
                    HEIGHT="136">
            <Shape><Polygon POINTS="536 1364 536 1380 572 1397 574 1397 576 1397 702 1375 708 1375 711 1375 808 1386 810 1386 812 1386 870 1369 890 1362 1066 1357 1084 1362 1099 1366 1101 1366 1103 1366 1105 1366 1116 1360 1128 1355 1137 1360 1158 1369 1159 1369 1161 1369 1249 1357 1328 1344 1368 1351 1394 1357 1395 1357 1397 1357 1399 1357 1406 1351 1419 1342 1472 1349 1514 1353 1516 1353 1633 1342 1633 1313 1630 1276 1555 1261 1553 1261 1480 1274 1381 1271 1379 1271 1377 1271 1375 1271 1357 1285 1353 1289 1194 1293 1180 1291 1121 1282 1119 1282 1117 1282 1094 1294 1081 1300 1046 1296 1030 1294 1028 1294 998 1298 933 1305 914 1300 889 1293 887 1293 885 1293 883 1293 852 1302 830 1309 797 1303 764 1300 762 1300 638 1305 636 1305 634 1305 629 1311 620 1316 532 1314 536 1364"/></Shape>
	    <String CONTENT="denfir du coli du beste pas leta au"
                    HPOS="532"
                    VPOS="1261"
                    WIDTH="1101"
                    HEIGHT="136"
                    WC="0.9157613234860557"></String>
          </TextLine>
          <TextLine ID="eSc_line_f9e028d1"
                    TAGREFS="LT324"
                    BASELINE="429 1410 528 1406" 
                    HPOS="426"
                    VPOS="1353"
                    WIDTH="102"
                    HEIGHT="80">
            <Shape><Polygon POINTS="429 1410 429 1433 528 1433 528 1406 521 1353 466 1371 426 1368 429 1410"/></Shape>
	    <String CONTENT="34"
                    HPOS="426"
                    VPOS="1353"
                    WIDTH="102"
                    HEIGHT="80"
                    WC="0.9999805688858032"></String>
          </TextLine>
          <TextLine ID="eSc_line_50e0b160"
                    TAGREFS="LT324"
                    BASELINE="1983 1373 2072 1360 2345 1360" 
                    HPOS="1981"
                    VPOS="1283"
                    WIDTH="364"
                    HEIGHT="132">
            <Shape><Polygon POINTS="2341 1313 2257 1313 2228 1285 2228 1283 2226 1283 2224 1283 2166 1283 2164 1283 2162 1283 2144 1293 2116 1285 2114 1285 2113 1285 2111 1285 2109 1285 2080 1307 2030 1289 2028 1289 2027 1289 2025 1289 2023 1289 1981 1314 1983 1373 1986 1397 1996 1389 2005 1397 2006 1399 2008 1399 2010 1399 2012 1399 2014 1399 2016 1399 2016 1397 2017 1397 2034 1380 2111 1380 2147 1388 2157 1397 2175 1413 2175 1415 2177 1415 2178 1415 2180 1415 2303 1413 2305 1413 2307 1413 2307 1411 2321 1397 2327 1393 2341 1397 2345 1360 2343 1318 2341 1313"/></Shape>
	    <String CONTENT="de bitévanc"
                    HPOS="1981"
                    VPOS="1283"
                    WIDTH="364"
                    HEIGHT="132"
                    WC="0.8657855228944258"></String>
          </TextLine>
          <TextLine ID="eSc_line_4aca4b63"
                    TAGREFS="LT324"
                    BASELINE="2012 1410 2160 1406" 
                    HPOS="2010"
                    VPOS="1366"
                    WIDTH="150"
                    HEIGHT="67">
            <Shape><Polygon POINTS="2028 1368 2025 1368 2010 1378 2012 1410 2012 1433 2160 1422 2160 1406 2155 1371 2091 1378 2081 1377 2034 1366 2028 1368"/></Shape>
	    <String CONTENT="32"
                    HPOS="2010"
                    VPOS="1366"
                    WIDTH="150"
                    HEIGHT="67"
                    WC="0.9999846816062927"></String>
          </TextLine>
          <TextLine ID="eSc_line_f2402819"
                    TAGREFS="LT324"
                    BASELINE="206 1481 468 1477 572 1459 1167 1415 1895 1397" 
                    HPOS="203"
                    VPOS="1351"
                    WIDTH="1692"
                    HEIGHT="163">
            <Shape><Polygon POINTS="206 1481 206 1505 246 1514 248 1514 495 1503 497 1503 499 1503 510 1494 528 1481 554 1492 556 1492 558 1492 561 1492 616 1481 804 1483 863 1483 865 1483 867 1483 876 1481 929 1464 1055 1464 1055 1463 1057 1463 1094 1446 1205 1442 1266 1464 1275 1468 1277 1468 1278 1468 1280 1468 1291 1464 1328 1452 1359 1463 1368 1464 1370 1464 1372 1464 1373 1464 1384 1461 1469 1432 1692 1432 1692 1430 1747 1419 1785 1419 1833 1442 1835 1442 1836 1442 1895 1441 1895 1397 1891 1366 1807 1368 1789 1358 1787 1358 1785 1358 1712 1371 1617 1355 1615 1355 1525 1362 1494 1351 1492 1351 1491 1351 1330 1358 1328 1358 1300 1373 1275 1362 1273 1362 1271 1362 1145 1375 1075 1369 1073 1369 1072 1369 1031 1388 971 1375 969 1375 967 1375 938 1389 830 1388 828 1388 826 1388 781 1410 772 1413 757 1410 737 1406 735 1406 665 1413 622 1419 612 1417 592 1408 590 1408 589 1408 587 1408 585 1408 568 1417 559 1424 203 1432 206 1481"/></Shape>
	    <String CONTENT="30 mor nelur denne toiis deux lun lu fayese u"
                    HPOS="203"
                    VPOS="1351"
                    WIDTH="1692"
                    HEIGHT="163"
                    WC="0.8810577167405023"></String>
          </TextLine>
          <TextLine ID="eSc_line_b94421bd"
                    TAGREFS="LT324"
                    BASELINE="290 1552 631 1554 1577 1492 1911 1481 2164 1459 2301 1459" 
                    HPOS="289"
                    VPOS="1402"
                    WIDTH="2012"
                    HEIGHT="190">
            <Shape><Polygon POINTS="292 1589 523 1580 525 1580 550 1592 552 1592 554 1592 556 1592 589 1578 640 1585 642 1585 643 1585 667 1572 675 1569 814 1561 843 1563 934 1574 936 1574 1022 1563 1072 1571 1073 1571 1075 1571 1101 1558 1370 1554 1372 1554 1399 1539 1661 1538 1663 1538 1692 1521 1708 1512 1754 1517 1827 1528 1829 1528 2092 1512 2167 1497 2235 1485 2301 1490 2301 1459 2297 1415 2191 1402 2189 1402 2188 1402 2186 1402 2162 1417 2061 1415 2060 1415 2058 1415 2019 1426 1961 1415 1959 1415 1957 1415 1897 1437 1893 1437 1888 1437 1813 1424 1811 1424 1809 1424 1741 1444 1725 1448 1694 1446 1567 1437 1566 1437 1481 1442 1480 1442 1445 1459 1432 1464 1406 1461 1339 1450 1337 1450 1225 1470 1170 1481 998 1488 973 1483 953 1477 951 1477 949 1477 947 1477 916 1485 876 1496 768 1492 719 1492 717 1492 715 1492 704 1496 678 1508 609 1510 570 1503 534 1496 532 1496 530 1496 506 1507 477 1517 435 1510 400 1503 398 1503 289 1517 290 1552 292 1589"/></Shape>
	    <String CONTENT="aan  constu ecluu san leie lel qi pstent"
                    HPOS="289"
                    VPOS="1402"
                    WIDTH="2012"
                    HEIGHT="190"
                    WC="0.8923107743263244"></String>
          </TextLine>
          <TextLine ID="eSc_line_908ce679"
                    TAGREFS="LT324"
                    BASELINE="199 1622 444 1620 642 1633 1203 1618 2222 1560" 
                    HPOS="197"
                    VPOS="1496"
                    WIDTH="2025"
                    HEIGHT="181">
            <Shape><Polygon POINTS="199 1622 201 1677 481 1677 481 1675 482 1675 506 1662 735 1655 808 1675 810 1675 812 1675 1130 1662 1207 1649 1269 1653 1271 1653 1273 1653 1297 1642 1320 1653 1322 1653 1324 1653 1439 1640 1655 1640 1655 1638 1657 1638 1738 1607 1906 1609 1908 1609 1996 1596 2047 1618 2049 1618 2050 1620 2096 1620 2096 1618 2098 1618 2155 1589 2222 1583 2222 1560 2215 1496 1880 1514 1878 1514 1822 1543 1754 1550 1586 1550 1584 1550 1313 1571 1277 1560 1275 1560 1273 1560 1271 1560 1242 1574 1030 1583 940 1561 938 1561 936 1561 934 1561 896 1580 819 1571 817 1571 815 1571 768 1592 669 1578 667 1578 622 1583 594 1569 589 1567 587 1567 585 1567 583 1567 574 1571 554 1578 523 1572 504 1571 503 1571 197 1587 199 1622"/></Shape>
	    <String CONTENT="n al du il de la en que par contat Lcappert"
                    HPOS="197"
                    VPOS="1496"
                    WIDTH="2025"
                    HEIGHT="181"
                    WC="0.8498735063990881"></String>
          </TextLine>
          <TextLine ID="eSc_line_725c7735"
                    TAGREFS="LT324"
                    BASELINE="201 1697 488 1697" 
                    HPOS="201"
                    VPOS="1653"
                    WIDTH="287"
                    HEIGHT="82">
            <Shape><Polygon POINTS="201 1697 201 1726 386 1717 428 1733 429 1733 431 1733 433 1735 488 1735 488 1697 488 1658 201 1653 201 1697"/></Shape>
	    <String CONTENT="pade du"
                    HPOS="201"
                    VPOS="1653"
                    WIDTH="287"
                    HEIGHT="82"
                    WC="0.9503845572471619"></String>
          </TextLine>
          <TextLine ID="eSc_line_8cfa8eb3"
                    TAGREFS="LT324"
                    BASELINE="1791 1664 2286 1635" 
                    HPOS="1785"
                    VPOS="1565"
                    WIDTH="501"
                    HEIGHT="110">
            <Shape><Polygon POINTS="1791 1664 1791 1675 1809 1673 1813 1675 2038 1673 2120 1656 2133 1655 2136 1656 2158 1666 2160 1666 2162 1666 2286 1646 2286 1635 2275 1565 2252 1580 2230 1569 2224 1567 2222 1567 2221 1567 2199 1571 2096 1596 2041 1596 2006 1585 1994 1581 1992 1581 1990 1581 1988 1581 1986 1581 1979 1587 1961 1602 1897 1594 1851 1589 1849 1589 1785 1602 1791 1664"/></Shape>
	    <String CONTENT="Ll adqui en"
                    HPOS="1785"
                    VPOS="1565"
                    WIDTH="501"
                    HEIGHT="110"
                    WC="0.99576566436074"></String>
          </TextLine>
          <TextLine ID="eSc_line_f06b5448"
                    TAGREFS="LT324"
                    BASELINE="226 1763 1108 1757" 
                    HPOS="225"
                    VPOS="1708"
                    WIDTH="883"
                    HEIGHT="82">
            <Shape><Polygon POINTS="828 1710 810 1710 792 1710 773 1710 755 1711 737 1711 731 1711 720 1717 704 1726 645 1717 622 1713 609 1715 601 1715 587 1717 514 1728 446 1728 433 1717 424 1710 422 1710 420 1710 418 1710 225 1717 226 1763 228 1788 265 1777 278 1788 279 1788 281 1788 283 1790 450 1790 450 1788 451 1788 453 1788 453 1786 455 1786 464 1777 510 1786 517 1786 519 1786 521 1786 525 1786 559 1775 1106 1779 1108 1757 1103 1717 869 1724 852 1717 839 1708 828 1710"/></Shape>
	    <String CONTENT="oeapedt  lentt anp"
                    HPOS="225"
                    VPOS="1708"
                    WIDTH="883"
                    HEIGHT="82"
                    WC="0.9019214999344614"></String>
          </TextLine>
          <TextLine ID="eSc_line_0ccd944a"
                    TAGREFS="LT324"
                    BASELINE="334 1834 1427 1834" 
                    HPOS="334"
                    VPOS="1788"
                    WIDTH="1093"
                    HEIGHT="81">
            <Shape><Polygon POINTS="1267 1788 1249 1790 1231 1790 1212 1792 1207 1792 1198 1801 1183 1794 1176 1794 1170 1794 1161 1805 1156 1808 1147 1803 1134 1797 1121 1797 1116 1797 1097 1803 1073 1810 629 1810 623 1808 609 1808 590 1808 572 1808 563 1788 563 1788 561 1788 462 1788 461 1788 459 1788 457 1788 457 1790 455 1790 448 1797 334 1788 334 1834 334 1856 364 1867 365 1867 367 1869 563 1869 563 1867 565 1867 567 1867 578 1858 581 1856 601 1858 645 1863 647 1863 649 1863 651 1863 658 1858 667 1852 691 1859 715 1865 717 1865 719 1865 720 1865 731 1859 748 1850 772 1859 792 1867 794 1867 795 1867 830 1859 848 1856 865 1859 892 1867 894 1867 896 1867 898 1867 900 1867 909 1859 923 1850 998 1859 1000 1859 1196 1850 1225 1861 1238 1867 1240 1867 1242 1867 1287 1863 1397 1850 1423 1863 1427 1834 1427 1810 1324 1805 1302 1788 1300 1788 1298 1788 1286 1788 1267 1788"/></Shape>
	    <String CONTENT="Mij"
                    HPOS="334"
                    VPOS="1788"
                    WIDTH="1093"
                    HEIGHT="81"
                    WC="0.9989770849545797"></String>
          </TextLine>
          <TextLine ID="eSc_line_153b6a63"
                    TAGREFS="LT324"
                    BASELINE="565 1808 1053 1801 1373 1781 1725 1775 2030 1755 2160 1739 2296 1741" 
                    HPOS="563"
                    VPOS="1688"
                    WIDTH="1733"
                    HEIGHT="144">
            <Shape><Polygon POINTS="1094 1759 1075 1759 1073 1759 735 1766 709 1763 700 1761 691 1761 673 1761 656 1761 647 1764 618 1774 563 1768 565 1808 565 1828 579 1832 583 1832 601 1832 620 1832 638 1832 656 1832 673 1832 728 1825 740 1823 753 1823 854 1830 856 1830 858 1830 881 1819 890 1816 929 1817 1042 1825 1044 1825 1108 1812 1119 1810 1125 1812 1154 1821 1156 1821 1158 1821 1159 1821 1200 1808 1216 1803 1379 1799 1392 1803 1416 1812 1417 1812 1419 1812 1474 1801 1500 1795 1545 1797 1641 1805 1642 1805 1749 1799 1750 1799 1769 1792 1780 1786 1789 1790 1809 1799 1811 1799 1813 1799 2296 1774 2296 1741 2294 1702 2268 1688 2266 1688 2195 1688 2193 1688 1780 1702 1778 1702 1730 1724 1717 1730 1578 1741 1505 1741 1491 1731 1474 1724 1472 1724 1470 1724 1469 1724 1432 1733 1397 1715 1395 1715 1394 1715 1271 1719 1269 1719 1196 1744 1159 1757 1094 1757 1094 1759"/></Shape>
	    <String CONTENT="qrli miutte leui en afir vin  ce vn lun peent"
                    HPOS="563"
                    VPOS="1688"
                    WIDTH="1733"
                    HEIGHT="144"
                    WC="0.907967107825809"></String>
          </TextLine>
          <TextLine ID="eSc_line_5204ba1e"
                    TAGREFS="LT324"
                    BASELINE="279 1914 998 1902 1631 1880 2308 1839" 
                    HPOS="276"
                    VPOS="1781"
                    WIDTH="2032"
                    HEIGHT="174">
            <Shape><Polygon POINTS="1410 1836 1392 1836 1373 1836 1355 1836 1337 1836 1335 1836 1223 1852 1169 1836 1154 1836 1136 1836 1117 1836 1099 1836 1081 1836 1062 1836 1044 1836 1039 1836 1017 1843 965 1838 964 1838 962 1838 933 1850 912 1843 911 1843 909 1843 907 1843 859 1863 759 1847 757 1847 755 1847 676 1872 576 1870 525 1856 512 1852 510 1852 508 1852 506 1852 492 1858 461 1867 439 1859 435 1858 433 1858 431 1858 417 1859 393 1865 384 1861 364 1852 362 1852 360 1852 276 1865 279 1914 279 1955 481 1949 492 1947 581 1925 653 1925 686 1938 687 1938 689 1938 691 1938 737 1927 812 1933 839 1934 841 1934 843 1934 858 1931 898 1920 973 1925 1026 1929 1028 1929 1030 1929 1051 1922 1064 1918 1088 1920 1125 1923 1126 1923 1128 1923 1147 1918 1183 1903 1333 1900 1375 1907 1417 1914 1419 1914 1421 1914 1445 1903 1448 1902 1452 1903 1467 1911 1469 1911 1470 1911 1516 1900 1529 1898 1538 1900 1575 1909 1577 1909 1578 1909 1706 1892 1747 1887 1774 1889 1824 1892 1825 1892 1877 1883 1906 1880 1933 1881 2041 1891 2043 1891 2116 1872 2129 1869 2178 1869 2182 1870 2208 1881 2210 1881 2211 1881 2213 1881 2242 1867 2244 1865 2308 1863 2308 1839 2301 1781 2027 1790 2025 1790 2017 1792 1946 1816 1908 1812 1906 1812 1825 1830 1613 1827 1611 1827 1443 1843 1410 1834 1410 1836"/></Shape>
	    <String CONTENT="donea tn celhenr an aate qintant qur lavor an vie"
                    HPOS="276"
                    VPOS="1781"
                    WIDTH="2032"
                    HEIGHT="174"
                    WC="0.9350730259807742"></String>
          </TextLine>
          <TextLine ID="eSc_line_db1a7a0b"
                    TAGREFS="LT324"
                    BASELINE="534 1998 1630 1975 2321 1934" 
                    HPOS="532"
                    VPOS="1881"
                    WIDTH="1789"
                    HEIGHT="147">
            <Shape><Polygon POINTS="534 1998 536 2026 600 2026 600 2024 601 2024 603 2024 605 2022 622 2013 735 2017 788 2019 790 2019 812 2015 858 2004 890 2011 960 2028 962 2028 964 2028 1051 2004 1086 1997 1125 2002 1154 2006 1156 2006 1192 2000 1238 1991 1280 1997 1319 2000 1320 2000 1403 1991 1470 1984 1485 1988 1536 2004 1538 2004 1540 2004 1604 1989 1690 2004 1692 2004 2016 1995 2127 1967 2178 1980 2180 1980 2182 1980 2184 1980 2186 1980 2219 1960 2221 1958 2321 1955 2321 1934 2314 1881 2103 1889 2102 1889 2100 1889 2098 1891 2074 1907 1964 1922 1802 1911 1800 1911 1798 1911 1761 1922 1703 1911 1699 1911 1697 1911 1690 1911 1633 1922 1591 1916 1575 1914 1573 1914 1571 1914 1569 1914 1566 1918 1544 1933 1503 1933 1463 1922 1425 1913 1423 1913 1342 1913 1341 1913 1286 1916 1284 1916 1249 1933 1222 1945 1154 1938 1079 1929 1077 1929 1075 1929 1073 1929 1051 1942 1035 1953 815 1958 803 1955 739 1936 737 1936 735 1936 733 1936 656 1962 649 1966 532 1967 534 1998"/></Shape>
	    <String CONTENT="u  ament de femois surent Jusent cutree"
                    HPOS="532"
                    VPOS="1881"
                    WIDTH="1789"
                    HEIGHT="147"
                    WC="0.923868518609267"></String>
          </TextLine>
          <TextLine ID="eSc_line_f8a780bb"
                    TAGREFS="LT324"
                    BASELINE="541 2086 1917 2066 2131 2042 2277 2037" 
                    HPOS="539"
                    VPOS="1984"
                    WIDTH="1738"
                    HEIGHT="124">
            <Shape><Polygon POINTS="541 2086 541 2101 645 2108 647 2108 649 2108 651 2108 664 2099 673 2094 715 2097 759 2103 761 2103 836 2095 881 2092 945 2094 1178 2101 1180 2101 1242 2086 1247 2086 1253 2086 1284 2095 1286 2095 1287 2095 1384 2084 1401 2083 1408 2084 1452 2095 1454 2095 1456 2095 1458 2095 1502 2081 1513 2077 1619 2077 1642 2079 1743 2088 1745 2088 1747 2088 1787 2077 1814 2090 1816 2090 1818 2090 1942 2077 2030 2086 2032 2086 2096 2070 2277 2064 2277 2037 2272 1984 2032 1988 2030 1988 2010 1995 1902 2033 1761 2024 1732 2006 1730 2004 1728 2004 1727 2004 1725 2004 1723 2004 1716 2008 1690 2020 1664 2009 1659 2008 1657 2008 1655 2008 1584 2011 1582 2011 1577 2013 1544 2028 1503 2022 1502 2022 1500 2022 1459 2042 1421 2042 1361 2035 1339 2024 1297 2002 1295 2002 1293 2002 1291 2002 1245 2028 1244 2028 1136 2042 1008 2042 998 2039 923 2009 922 2009 920 2009 918 2009 817 2046 804 2052 539 2057 541 2086"/></Shape>
	    <String CONTENT="au t de de e lu confeur ustai n vole"
                    HPOS="539"
                    VPOS="1984"
                    WIDTH="1738"
                    HEIGHT="124"
                    WC="0.8812252846029069"></String>
          </TextLine>
          <TextLine ID="eSc_line_0ef4f4db"
                    TAGREFS="LT324"
                    BASELINE="1077 2037 1125 2037" 
                    HPOS="1077"
                    VPOS="2008"
                    WIDTH="48"
                    HEIGHT="44">
            <Shape><Polygon POINTS="1077 2037 1077 2052 1125 2052 1125 2037 1123 2008 1077 2015 1077 2037"/></Shape>
	    <String CONTENT="1"
                    HPOS="1077"
                    VPOS="2008"
                    WIDTH="48"
                    HEIGHT="44"
                    WC="0.9999847412109375"></String>
          </TextLine>
          <TextLine ID="eSc_line_d1698e0f"
                    TAGREFS="LT324"
                    BASELINE="554 2181 1132 2159 1683 2158 2263 2128" 
                    HPOS="550"
                    VPOS="2066"
                    WIDTH="1713"
                    HEIGHT="141">
            <Shape><Polygon POINTS="554 2181 554 2198 603 2207 605 2207 607 2207 643 2196 673 2189 761 2194 797 2196 799 2196 801 2196 812 2192 847 2181 1073 2176 1094 2187 1101 2192 1103 2192 1105 2192 1106 2192 1136 2187 1196 2172 1236 2183 1245 2187 1247 2187 1249 2187 1284 2183 1423 2165 1513 2178 1549 2183 1551 2183 1888 2174 1935 2169 2142 2145 2186 2163 2188 2163 2189 2163 2263 2161 2263 2128 2255 2066 2191 2075 2127 2070 2122 2070 2120 2070 2118 2070 2116 2070 2069 2086 2039 2081 2038 2081 2036 2081 2034 2081 1999 2105 1558 2116 1507 2103 1505 2103 1503 2103 1502 2103 1500 2103 1472 2121 1439 2121 1410 2103 1408 2103 1406 2103 1405 2103 1304 2114 1260 2101 1258 2101 1256 2101 1255 2101 1169 2125 1116 2125 1090 2108 1088 2108 1086 2108 1084 2108 1083 2108 1011 2134 837 2112 826 2112 825 2112 550 2121 554 2181"/></Shape>
	    <String CONTENT="hourt leend de laiis Chistann faivant ctit evinte"
                    HPOS="550"
                    VPOS="2066"
                    WIDTH="1713"
                    HEIGHT="141"
                    WC="0.9290022892611367"></String>
          </TextLine>
          <TextLine ID="eSc_line_f4dc196b"
                    TAGREFS="LT324"
                    BASELINE="214 2276 552 2273 1260 2247 1875 2244 1986 2238 2195 2211 2297 2207" 
                    HPOS="212"
                    VPOS="2163"
                    WIDTH="2085"
                    HEIGHT="146">
            <Shape><Polygon POINTS="214 2298 431 2309 433 2309 490 2297 530 2308 532 2308 534 2308 536 2308 581 2297 611 2306 612 2306 614 2306 761 2302 901 2278 918 2276 923 2278 944 2286 945 2286 947 2286 949 2286 951 2286 964 2276 973 2271 1170 2267 1191 2271 1238 2278 1240 2278 1337 2269 1384 2284 1386 2284 1388 2284 1511 2282 1611 2278 1613 2278 1655 2256 1690 2267 1692 2267 1694 2267 1772 2258 1838 2273 1840 2273 1842 2273 1871 2262 1977 2269 1979 2269 1981 2269 2027 2245 2297 2236 2297 2207 2292 2163 2089 2169 2087 2169 2041 2191 1986 2191 1540 2183 1522 2183 1520 2183 1518 2183 1516 2183 1441 2207 1161 2212 1121 2201 1119 2201 1117 2201 1116 2201 1114 2201 1092 2216 1011 2216 975 2200 973 2200 949 2200 903 2200 901 2200 900 2200 896 2200 847 2212 761 2207 759 2207 757 2207 704 2223 625 2216 623 2216 622 2216 596 2227 532 2218 530 2218 470 2225 435 2212 433 2212 431 2212 429 2212 418 2212 345 2223 212 2220 214 2276 214 2298"/></Shape>
	    <String CONTENT="ade inadt pr le mênar nataies tvingt six mais mil sepe cent"
                    HPOS="212"
                    VPOS="2163"
                    WIDTH="2085"
                    HEIGHT="146"
                    WC="0.9648961647082184"></String>
          </TextLine>
          <TextLine ID="eSc_line_e8fe0bde"
                    TAGREFS="LT324"
                    BASELINE="232 2353 702 2359 1853 2348 2078 2340 2305 2320" 
                    HPOS="230"
                    VPOS="2260"
                    WIDTH="2075"
                    HEIGHT="139">
            <Shape><Polygon POINTS="232 2353 232 2383 407 2377 451 2383 576 2399 578 2399 731 2379 781 2397 783 2397 784 2397 971 2395 973 2395 1002 2383 1030 2394 1031 2394 1033 2394 1105 2379 1134 2394 1136 2394 1137 2394 1139 2394 1214 2372 1223 2368 1560 2364 1578 2366 1672 2381 1674 2381 1675 2381 1708 2364 1714 2362 1721 2364 1780 2381 1781 2381 1783 2381 1873 2368 1948 2377 1950 2377 1952 2377 1985 2364 2124 2381 2125 2381 2305 2355 2305 2320 2299 2260 2133 2269 2113 2265 2100 2262 2098 2262 2096 2262 2094 2262 2087 2265 2014 2304 1873 2304 1809 2280 1807 2280 1756 2275 1741 2275 1739 2275 1738 2275 1734 2276 1692 2297 1566 2302 1514 2282 1481 2269 1480 2269 1478 2269 1399 2278 1344 2269 1342 2269 1214 2271 1212 2271 1169 2293 1128 2311 1105 2300 1103 2300 1101 2300 1046 2311 962 2298 958 2298 956 2298 951 2298 852 2315 629 2315 612 2308 579 2295 578 2295 484 2287 482 2287 481 2287 409 2315 397 2319 373 2315 309 2306 307 2306 230 2319 232 2353"/></Shape>
	    <String CONTENT="acn a Dgt con ppaton ouqull du Cettanz il Aartenie peur"
                    HPOS="230"
                    VPOS="2260"
                    WIDTH="2075"
                    HEIGHT="139"
                    WC="0.890684419057586"></String>
          </TextLine>
          <TextLine ID="eSc_line_83615180"
                    TAGREFS="LT324"
                    BASELINE="248 2439 671 2456 1840 2445 2303 2426" 
                    HPOS="248"
                    VPOS="2368"
                    WIDTH="2055"
                    HEIGHT="128">
            <Shape><Polygon POINTS="248 2476 365 2487 367 2487 369 2487 391 2476 393 2474 537 2474 539 2474 579 2496 581 2496 583 2496 731 2494 733 2494 783 2481 903 2494 905 2494 1050 2470 1050 2469 1222 2469 1223 2469 1309 2490 1311 2490 1313 2490 1434 2474 1474 2489 1476 2489 1478 2490 1593 2490 1593 2489 1785 2487 1787 2487 1836 2465 1871 2478 1873 2478 1875 2478 1877 2478 1931 2463 2008 2463 2056 2479 2058 2479 2060 2479 2169 2461 2239 2470 2241 2470 2303 2458 2303 2426 2297 2368 2065 2370 2063 2370 1986 2401 1913 2392 1911 2392 1910 2392 1884 2401 1807 2383 1805 2383 1803 2383 1759 2394 1684 2373 1683 2373 1681 2373 1523 2404 1410 2379 1408 2379 1291 2408 978 2408 949 2397 947 2397 945 2397 852 2410 804 2397 803 2397 801 2397 693 2412 552 2406 504 2383 503 2383 501 2383 499 2383 415 2406 332 2384 331 2384 248 2384 248 2439 248 2476"/></Shape>
	    <String CONTENT="anqe angen edaqnti le bin du sagé de la jaurdictios"
                    HPOS="248"
                    VPOS="2368"
                    WIDTH="2055"
                    HEIGHT="128"
                    WC="0.8844928916762856"></String>
          </TextLine>
          <TextLine ID="eSc_line_5ef398c5"
                    TAGREFS="LT324"
                    BASELINE="545 2554 784 2543 1754 2545 2323 2511" 
                    HPOS="543"
                    VPOS="2456"
                    WIDTH="1780"
                    HEIGHT="144">
            <Shape><Polygon POINTS="545 2554 545 2573 638 2584 640 2584 642 2584 678 2571 794 2571 859 2600 861 2600 863 2600 980 2578 1031 2578 1059 2591 1061 2591 1062 2591 1064 2591 1167 2565 1278 2587 1280 2589 1361 2589 1361 2587 1447 2569 1538 2587 1710 2589 1712 2589 2010 2584 2012 2584 2102 2560 2323 2545 2323 2511 2316 2459 2290 2467 2264 2459 2244 2456 2242 2456 2241 2456 2074 2458 2072 2458 2047 2467 2028 2472 2016 2467 1997 2459 1996 2459 1994 2459 1992 2459 1970 2469 1968 2469 1959 2469 1855 2461 1853 2461 1851 2461 1831 2472 1816 2479 1727 2478 1725 2478 1723 2478 1721 2478 1706 2489 1659 2478 1650 2476 1648 2476 1646 2476 1641 2478 1606 2489 1575 2479 1545 2470 1544 2470 1542 2470 1480 2478 1388 2469 1386 2469 1384 2469 1324 2487 1295 2496 1128 2498 1112 2492 1097 2487 1095 2487 1094 2487 1050 2494 1011 2501 976 2501 967 2496 920 2476 918 2476 916 2476 837 2490 781 2478 779 2478 777 2478 700 2503 543 2507 545 2554"/></Shape>
	    <String CONTENT="dente lles suivant pair nntee etant au Greffe dudit"
                    HPOS="543"
                    VPOS="2456"
                    WIDTH="1780"
                    HEIGHT="144"
                    WC="0.8905371573625827"></String>
          </TextLine>
          <TextLine ID="eSc_line_84de17f3"
                    TAGREFS="LT324"
                    BASELINE="556 2648 998 2639 1845 2648 1996 2639 2266 2600" 
                    HPOS="556"
                    VPOS="2562"
                    WIDTH="1710"
                    HEIGHT="128">
            <Shape><Polygon POINTS="556 2673 574 2673 592 2673 594 2673 660 2659 1180 2657 1218 2670 1233 2673 1234 2673 1428 2675 1450 2690 1452 2690 1454 2690 1456 2690 1703 2686 1705 2686 1747 2670 1794 2686 1796 2686 1798 2686 2043 2675 2100 2684 2102 2684 2264 2646 2266 2600 2259 2562 2043 2575 2025 2567 2023 2567 2021 2567 2019 2567 1906 2600 1853 2600 1772 2576 1770 2576 1769 2576 1767 2576 1716 2589 1657 2573 1655 2573 1653 2573 1611 2576 1609 2576 1608 2576 1569 2602 1436 2602 1386 2573 1384 2573 1383 2573 1372 2571 1231 2569 1229 2569 1227 2569 1212 2573 1139 2597 1117 2582 1116 2582 1114 2582 1112 2582 1110 2582 1064 2606 960 2606 914 2584 912 2584 911 2584 804 2607 684 2607 651 2591 649 2591 647 2591 601 2597 556 2582 556 2648 556 2673"/></Shape>
	    <String CONTENT="lin ddeo cn leuur déamte ul sept cent que lle dingl"
                    HPOS="556"
                    VPOS="2562"
                    WIDTH="1710"
                    HEIGHT="128"
                    WC="0.8855427626301261"></String>
          </TextLine>
          <TextLine ID="eSc_line_2c401f33"
                    TAGREFS="LT324"
                    BASELINE="2270 2598 2352 2584" 
                    HPOS="2255"
                    VPOS="2511"
                    WIDTH="103"
                    HEIGHT="128">
            <Shape><Polygon POINTS="2310 2512 2292 2514 2275 2514 2255 2522 2270 2598 2277 2639 2314 2622 2358 2628 2352 2584 2339 2516 2308 2511 2310 2512"/></Shape>
	    <String CONTENT="4e"
                    HPOS="2255"
                    VPOS="2511"
                    WIDTH="103"
                    HEIGHT="128"
                    WC="0.9977497756481171"></String>
          </TextLine>
          <TextLine ID="eSc_line_47967a7b"
                    TAGREFS="LT324"
                    BASELINE="495 2675 1039 2677" 
                    HPOS="493"
                    VPOS="2635"
                    WIDTH="546"
                    HEIGHT="69">
            <Shape><Polygon POINTS="980 2640 978 2640 962 2646 947 2651 922 2646 905 2642 903 2642 889 2644 854 2651 825 2642 810 2642 799 2651 784 2644 770 2644 766 2644 737 2651 729 2644 715 2646 697 2646 678 2646 660 2646 651 2646 643 2653 565 2653 545 2637 543 2637 541 2637 495 2635 495 2675 493 2695 614 2704 616 2704 618 2704 620 2704 620 2703 625 2699 629 2695 656 2699 676 2701 678 2701 689 2699 742 2690 775 2701 777 2701 779 2701 781 2701 783 2701 815 2692 879 2701 881 2701 883 2701 905 2690 965 2699 967 2699 969 2699 987 2690 1033 2704 1039 2677 1037 2650 982 2640 980 2640"/></Shape>
	    <String CONTENT="dpt"
                    HPOS="493"
                    VPOS="2635"
                    WIDTH="546"
                    HEIGHT="69"
                    WC="0.9975283940633138"></String>
          </TextLine>
          <TextLine ID="eSc_line_57ebffb6"
                    TAGREFS="LT324"
                    BASELINE="541 2754 874 2743 1738 2741 2314 2728" 
                    HPOS="539"
                    VPOS="2659"
                    WIDTH="1775"
                    HEIGHT="131">
            <Shape><Polygon POINTS="956 2677 879 2688 819 2681 817 2681 815 2681 773 2704 768 2708 662 2708 656 2708 570 2693 568 2693 567 2693 565 2693 539 2706 541 2754 541 2763 755 2779 757 2779 759 2779 815 2761 1185 2759 1227 2783 1229 2783 1231 2783 1233 2783 1300 2778 1397 2790 1399 2790 1674 2787 1675 2783 1694 2783 1694 2783 1706 2776 1891 2785 1893 2785 1895 2785 1985 2759 2063 2778 2065 2778 2067 2778 2094 2763 2257 2761 2259 2761 2314 2745 2314 2728 2308 2659 2135 2661 2133 2661 2131 2661 2127 2664 2114 2672 2065 2666 2039 2662 2038 2662 2036 2662 2021 2666 1985 2677 1952 2668 1930 2664 1928 2664 1926 2664 1924 2664 1917 2670 1899 2681 1824 2673 1747 2664 1745 2664 1743 2664 1714 2675 1663 2699 1573 2699 1507 2684 1505 2684 1430 2695 1403 2686 1394 2682 1392 2682 1390 2682 1388 2682 1379 2686 1346 2701 1143 2703 1123 2693 1121 2693 1119 2693 1117 2693 1110 2693 1070 2703 1040 2697 958 2677 956 2677"/></Shape>
	    <String CONTENT="dntit re vgt Cent psiin dux ce Vingt qualid fevin nsy"
                    HPOS="539"
                    VPOS="2659"
                    WIDTH="1775"
                    HEIGHT="131"
                    WC="0.8859917538345985"></String>
          </TextLine>
          <TextLine ID="eSc_line_c153c2ab"
                    TAGREFS="LT324"
                    BASELINE="1677 2785 1778 2789" 
                    HPOS="1675"
                    VPOS="2761"
                    WIDTH="103"
                    HEIGHT="46">
            <Shape><Polygon POINTS="1677 2785 1675 2800 1774 2807 1778 2789 1778 2765 1677 2761 1677 2785"/></Shape>
	    <String CONTENT="3"
                    HPOS="1675"
                    VPOS="2761"
                    WIDTH="103"
                    HEIGHT="46"
                    WC="0.9999890327453613"></String>
          </TextLine>
          <TextLine ID="eSc_line_54455ce0"
                    TAGREFS="LT324"
                    BASELINE="548 2856 1251 2845 1796 2853 2023 2843" 
                    HPOS="547"
                    VPOS="2772"
                    WIDTH="1476"
                    HEIGHT="123">
            <Shape><Polygon POINTS="548 2856 548 2895 726 2893 728 2893 733 2891 773 2869 804 2885 806 2885 808 2885 810 2885 898 2864 1044 2876 1046 2876 1048 2876 1097 2862 1317 2869 1319 2869 1381 2860 1405 2873 1430 2885 1432 2885 1434 2885 1436 2885 1487 2873 1505 2887 1507 2887 1509 2887 1511 2889 1609 2889 1609 2887 1734 2885 1736 2885 1794 2862 1800 2860 1807 2862 1873 2875 1882 2875 1897 2875 2021 2854 2023 2843 2017 2783 1931 2783 1908 2772 1906 2772 1904 2772 1902 2772 1900 2772 1882 2785 1856 2803 1811 2803 1690 2789 1615 2781 1613 2781 1611 2781 1589 2790 1584 2792 1580 2790 1556 2781 1555 2781 1553 2781 1551 2781 1527 2792 1522 2794 1518 2792 1478 2776 1476 2776 1474 2776 1084 2778 1083 2778 1081 2778 1044 2801 1040 2803 1026 2801 945 2792 944 2792 881 2805 869 2809 665 2809 629 2794 627 2794 625 2794 547 2811 548 2856"/></Shape>
	    <String CONTENT="ant queta tanf l du Gan provenentde"
                    HPOS="547"
                    VPOS="2772"
                    WIDTH="1476"
                    HEIGHT="123"
                    WC="0.9483235393251691"></String>
          </TextLine>
          <TextLine ID="eSc_line_9e37644c"
                    TAGREFS="LT324"
                    BASELINE="1800 2878 2167 2875" 
                    HPOS="1798"
                    VPOS="2849"
                    WIDTH="369"
                    HEIGHT="53">
            <Shape><Polygon POINTS="1871 2851 1853 2851 1835 2853 1816 2853 1798 2853 1800 2878 1800 2902 2166 2902 2167 2875 2164 2854 1877 2849 1871 2851"/></Shape>
	    <String CONTENT="v "
                    HPOS="1798"
                    VPOS="2849"
                    WIDTH="369"
                    HEIGHT="53"
                    WC="0.9254961609840393"></String>
          </TextLine>
          <TextLine ID="eSc_line_71e175e1"
                    TAGREFS="LT324"
                    BASELINE="2047 2842 2169 2823 2323 2818" 
                    HPOS="2043"
                    VPOS="2732"
                    WIDTH="280"
                    HEIGHT="133">
            <Shape><Polygon POINTS="2047 2842 2047 2864 2085 2865 2087 2865 2089 2865 2091 2865 2091 2864 2098 2858 2107 2851 2146 2853 2206 2856 2208 2856 2210 2856 2211 2856 2211 2854 2213 2854 2222 2843 2323 2831 2323 2818 2312 2732 2266 2748 2244 2748 2158 2752 2157 2752 2155 2752 2155 2754 2127 2778 2109 2794 2043 2798 2047 2842"/></Shape>
	    <String CONTENT="Line"
                    HPOS="2043"
                    VPOS="2732"
                    WIDTH="280"
                    HEIGHT="133"
                    WC="0.9399072825908661"></String>
          </TextLine>
          <TextLine ID="eSc_line_1e4ce16f"
                    TAGREFS="LT324"
                    BASELINE="558 2953 1108 2939 2021 2949 2290 2928" 
                    HPOS="556"
                    VPOS="2882"
                    WIDTH="1734"
                    HEIGHT="139">
            <Shape><Polygon POINTS="558 2953 559 3017 607 2992 660 2992 735 3014 753 3019 755 3019 757 3021 1114 3021 1114 3019 1116 3019 1147 3006 1158 2999 1159 2997 1167 2997 1229 2970 1602 2970 1652 2992 1653 2992 1692 2995 1772 2999 1774 2999 1803 2993 1888 2973 1946 2990 2021 3012 2023 3012 2025 3012 2027 3012 2045 3003 2071 3010 2072 3010 2074 3010 2076 3010 2114 2990 2189 3010 2191 3010 2193 3010 2195 3010 2290 2982 2290 2928 2285 2882 2173 2884 2171 2884 2109 2906 2019 2906 1963 2885 1961 2885 1959 2885 1833 2887 1831 2887 1803 2902 1745 2891 1743 2891 1741 2891 1710 2904 1683 2889 1681 2889 1679 2889 1677 2889 1675 2889 1663 2896 1644 2889 1631 2885 1630 2885 1511 2885 1509 2885 1507 2885 1494 2891 1467 2907 1218 2907 1172 2896 1121 2885 1119 2885 1117 2885 1084 2898 1055 2907 987 2898 951 2895 949 2895 947 2895 927 2900 894 2907 859 2900 828 2895 826 2895 825 2895 806 2902 799 2904 794 2902 770 2893 768 2893 766 2893 764 2893 740 2902 726 2907 706 2902 656 2891 654 2891 556 2904 558 2953"/></Shape>
	    <String CONTENT="pnte. de Jsen e le Mi malae pagrn"
                    HPOS="556"
                    VPOS="2882"
                    WIDTH="1734"
                    HEIGHT="139"
                    WC="0.8593311951015935"></String>
          </TextLine>
          <TextLine ID="eSc_line_bf8a0fee"
                    TAGREFS="LT324"
                    BASELINE="1011 3046 1024 3046" 
                    HPOS="1011"
                    VPOS="3012"
                    WIDTH="13"
                    HEIGHT="84">
            <Shape><Polygon POINTS="1011 3096 1024 3096 1024 3046 1024 3015 1013 3012 1011 3046 1011 3096"/></Shape>
	    <String CONTENT="1"
                    HPOS="1011"
                    VPOS="3012"
                    WIDTH="13"
                    HEIGHT="84"
                    WC="0.9982519745826721"></String>
          </TextLine>
          <TextLine ID="eSc_line_bdd19b63"
                    TAGREFS="LT324"
                    BASELINE="1154 2999 1609 3004" 
                    HPOS="1152"
                    VPOS="2953"
                    WIDTH="457"
                    HEIGHT="125">
            <Shape><Polygon POINTS="1154 2999 1152 3019 1211 3039 1212 3039 1214 3039 1216 3039 1242 3028 1286 3048 1287 3048 1289 3048 1291 3048 1311 3043 1346 3074 1346 3076 1348 3076 1350 3076 1458 3078 1459 3078 1485 3076 1487 3076 1489 3076 1567 3026 1608 3026 1609 3004 1609 2970 1591 2957 1589 2957 1588 2957 1505 2957 1503 2957 1502 2957 1467 2971 1459 2973 1319 2973 1317 2970 1308 2962 1308 2960 1306 2960 1304 2960 1233 2953 1231 2953 1154 2968 1154 2999"/></Shape>
	    <String CONTENT=""
                    HPOS="1152"
                    VPOS="2953"
                    WIDTH="457"
                    HEIGHT="125"></String>
          </TextLine>
          <TextLine ID="eSc_line_a6e5f742"
                    TAGREFS="LT324"
                    BASELINE="2067 3065 2085 3065" 
                    HPOS="2067"
                    VPOS="2997"
                    WIDTH="18"
                    HEIGHT="119">
            <Shape><Polygon POINTS="2067 3116 2085 3114 2085 3065 2085 3003 2069 2997 2067 3065 2067 3116"/></Shape>
	    <String CONTENT="1"
                    HPOS="2067"
                    VPOS="2997"
                    WIDTH="18"
                    HEIGHT="119"
                    WC="0.9957103729248047"></String>
          </TextLine>
          <TextLine ID="eSc_line_cf63a43d"
                    TAGREFS="LT324"
                    BASELINE="2178 3063 2266 3057" 
                    HPOS="2175"
                    VPOS="2999"
                    WIDTH="91"
                    HEIGHT="117">
            <Shape><Polygon POINTS="2178 3063 2182 3116 2206 3107 2208 3107 2224 3114 2226 3114 2228 3114 2230 3114 2232 3114 2266 3088 2266 3057 2257 2999 2175 3023 2178 3063"/></Shape>
	    <String CONTENT="3"
                    HPOS="2175"
                    VPOS="2999"
                    WIDTH="91"
                    HEIGHT="117"
                    WC="0.9999275207519531"></String>
          </TextLine>
          <TextLine ID="eSc_line_a016ffb6"
                    TAGREFS="LT324"
                    BASELINE="2186 3136 2283 3131" 
                    HPOS="2182"
                    VPOS="3083"
                    WIDTH="101"
                    HEIGHT="95">
            <Shape><Polygon POINTS="2186 3136 2188 3178 2217 3176 2219 3176 2221 3176 2221 3174 2222 3174 2233 3160 2283 3163 2283 3131 2274 3083 2241 3103 2182 3107 2186 3136"/></Shape>
	    <String CONTENT="304"
                    HPOS="2182"
                    VPOS="3083"
                    WIDTH="101"
                    HEIGHT="95"
                    WC="0.9990947047869364"></String>
          </TextLine>
          <TextLine ID="eSc_line_36c384d0"
                    TAGREFS="LT324"
                    BASELINE="1267 3240 1383 3237" 
                    HPOS="1264"
                    VPOS="3180"
                    WIDTH="119"
                    HEIGHT="90">
            <Shape><Polygon POINTS="1267 3240 1269 3270 1328 3255 1381 3257 1383 3237 1381 3193 1337 3180 1335 3180 1333 3180 1264 3191 1267 3240"/></Shape>
	    <String CONTENT="162"
                    HPOS="1264"
                    VPOS="3180"
                    WIDTH="119"
                    HEIGHT="90"
                    WC="0.9999510447184244"></String>
          </TextLine>
        </TextBlock>
        <TextBlock HPOS="2385"
                   VPOS="497"
                   WIDTH="6"
                   HEIGHT="5"
                   ID="eSc_textblock_3b3114e6"
                   TAGREFS="BT482">
          <Shape><Polygon POINTS="2389 497 2391 502 2385 502 2385 497 2389 497"/></Shape>
        </TextBlock>
        <TextBlock HPOS="2414"
                   VPOS="475"
                   WIDTH="21"
                   HEIGHT="5"
                   ID="eSc_textblock_d3ae4788"
                   TAGREFS="BT482">
          <Shape><Polygon POINTS="2418 475 2435 475 2435 480 2414 480 2418 475"/></Shape>
        </TextBlock>
        <TextBlock HPOS="2473"
                   VPOS="446"
                   WIDTH="4"
                   HEIGHT="20"
                   ID="eSc_textblock_1fbfe71a"
                   TAGREFS="BT482">
          <Shape><Polygon POINTS="2477 446 2477 466 2473 466 2473 446 2477 446"/></Shape>
        </TextBlock>
      </PrintSpace>
    </Page>
  </Layout>
</alto>
