2479 2758
1517 1 161 48 Vati

564 59 58 63 30

680 72 39 47 15

777 1 668 155 Lemanstée par mar Greffier

1454 55 54 67 44

835 1 1501 231 Posignée Sur un regédition dudit testatientsignée du

729 88 1693 236 Le let Buin notaie de ulte lle qui en eit de positineà lagalt

833 183 1518 229 apedition a etl demie undut apres mentian faite

715 367 19 55 1

1850 324 388 126 n Mande

683 329 1034 147 ae cs Par ccelle dupesent enegistrement

676 453 113 66 100

812 392 952 153 autoit datort cantt Jile de franc le

2078 508 210 95 1e145

714 517 43 106 4

827 401 1566 228 sau utid de la Népul lique fmin une de endisil

1485 563 68 66 40

1626 536 382 89 a. Lvion

720 611 186 63 17

1591 689 231 86 mp

1896 678 89 60 32

130 660 388 129 testament de sil

1902 729 41 47 2

124 753 361 167 monnuus Cent

493 704 1139 184 au no du pose et dufils et du Raspris imu Soit

443 746 1924 220 lan mil apnt ent quatre vingt septe le Mugt huil novembre a iluf heure

490 830 1903 185 de matin étant tein disprie et de ceps et dentendement roitant mattie

478 897 1859 192 ode aa affaités, et enignant que duu Dispose demeur Sant

492 994 1832 173 gevor pourdie, pr nandint lu noe demans qulontée voulans et

484 1081 1853 164 lixeadant quelle saant dectarement en perutultementdesulic après

490 1173 1846 140 ma morte da se vuyx et dunitat, mon dus du Jutne duue fan

424 1305 35 116 9

472 1279 824 100 Loite ce sour depruses

1530 1290 16 49 4

496 1297 1884 164 Jevaix et entende qalebien que merestes L'allilide Fralie Lutun lieus

482 1401 1898 132 Eestrentinusent et faur ercegtion amabelle sairs madaine mommiie

493 1469 1881 119 pour par elle Eupur entonte prapuité, que dea ser soint ce toutrave

484 1567 1887 110 le gagné autant que moi moyennente que adance hunie mabelle

492 1648 1913 101 froir contumant apayees le rentée quese fair au tenint à n faur

475 1723 1867 117 aée Macqazitie mouniere rendente astome desu fancie de sex

487 1803 1866 121 aute levue ent un angent de France, plis anvoir cette sommé tis

496 1887 1903 141 Ees miis dentone spor mn sille dnlange que punoil ie nel far

499 1973 1699 146 de la Sormme desix auts leves alaitune de Noraiins, le gra

496 2063 1906 123 coutrollea des moinaire a ur mou pocureur a un mais dle

498 2137 1813 158 aue dota mêime soime de Sr aut levier se prau chit

499 2207 1175 154 Mourqueur le duc doileaur tour les ansi

492 2302 884 161 alangaurs ilex anmis davance

1776 2283 574 105 Mouneur Legrar

1421 2371 972 172 aa que ulle leme nent a

1272 2453 179 108 [ B^
