3333 2479
2392 1 770 60 quatavingt Sousmme

619 37 2547 143 Resan pour deux ans, moir aussis elte payera a la nommée Rleonore

617 130 2607 156 Thomas une somme ele pour poureur payer lemaitie décole de Lesnon

617 241 2598 165 taquelle fomme sui estné par deux vonie de madteme Berant fuivin

625 373 2549 161 lepetit commerie quelle ponrsafanenivonlant en ansune feron la genre

622 490 2614 169 ccr de mostalite de la nommée Jaine Non Mhoniat pecndant lapoursene

619 618 2609 162 re quelle voulat lademandre pour denmer ches elle ce lu donie dle

570 710 2659 197 Reducation elle lui undiaée mi grand sesvice ; plui plui stonne monlie

1421 844 180 56 7

2189 819 51 44 35

2262 935 95 56 145

520 1028 55 57 dux

617 824 2575 229 gri dune poillasse deux matelats quatre drat hoû ouillés fiex taé

608 962 2625 174 douille in tapé de patenrt renge double, uni conviiture de coton; deccy

619 1099 2580 140 ceson monstilaine que lon trouvisa dond mo Annone jelui donne aui

1067 1200 563 94 35.

1654 1192 78 70 2

1963 1213 24 41 1

1341 1280 479 94 Ait

1673 1235 165 62 Rur

1778 1205 17 45 4

1813 1205 16 46 1

615 1273 467 95 Amon Annoirs

617 1349 2497 205 de leque au cet Lubrus que jai effranchi la somme de trentes mille livres

614 1473 2556 203 papur monnore laquelle somme sera puse sun le loyer de mis noits

1371 1597 298 110 At t

1713 1578 111 88 8

612 1587 2595 246 Jadonne lalibeité au nommé François Molgaché que jai fan mattie suie

1235 1765 32 57 4

600 1738 2560 187 layentte il ya trente reny aus que ert a mon tenice, bon Chapentier ei

586 1790 2650 237 donsiept, on lui laissern tour les ontils ced'lui fesa payé la femmee

599 1985 1304 149 sep mille levier papéer monnois

1486 2056 122 88 Aiu

1694 2052 165 52 37

1881 2046 16 52 1

586 2047 2689 208 Comme où synaé si ledecut faura luis je pa le cit Belin de conteme

588 2149 2711 214 alauie mu nonsouduer il herant unregtre conmmis en parchemin

614 2220 2665 243 dû ils sont tour ecrits re aqu il sont touis commé Jnlcacu au alone aflag

2042 2382 36 65 1

1990 2447 13 25 1

2038 2392 300 85 ¬rompté

2426 2350 867 116 n'la paux vmeut, que lon
