2479 2942
403 60 275 57 Amomiore

732 26 1661 119 autoit nO. Sle defrance ce 25. Buniaur lan ungde

410 134 1545 91 le Nipublique fancaine une ce adevrcoble sgni Néais.

408 219 2033 114 Poit de fuvice mon ami, cest un grejegé quil font abolie, donnet

408 335 1972 86 le montent eux autur pouvres auoit ocd oit ce vingt nx

408 403 1876 141 Bnnane lais anq de la Republique Lur unee mde ingné Néou

407 531 2037 122 destrition a mon lanateur testamentaine du Sigie de nai nous

407 632 1998 103 ouvier, comme toutes les loile ont angmenté coniderablement ce

410 722 1972 126 que ye deme que ui nous soient habilles ceque jai tojous fat

407 813 2027 118 aqué paent, ja pur le Bii hilis de donne aux mailur chau

415 918 1982 113 par mais sy cents livris di aux compagions chainn uny reule

415 1006 2016 108 levres au maitre nommmé manir cééol Loué au Eitr Colani

423 1096 1974 128 Luy cent levrir, a Andru malgache alus le let armoex jex ant

915 1175 1034 72 caron cdntilan i àrn

412 1225 1986 85 tevres son compagnos ung cents aux deux menuiier elur

1205 1271 96 61 3ac

428 1312 1969 123 le let faire aubos Nonge i charnn unq ants leires, laquelle

134 1428 18 65 1

294 1443 18 54 8

423 1418 1975 108 fomme lesa paleve ferequils gagnent ci Sili vannent a goquer

125 1520 46 88 4

197 1521 208 84 ha u

421 1523 1981 106 davaintage par Vangmentation de la quastre je vour laine loule

1411 1498 57 61 107

1491 1488 464 77 AI 30 Lannior

959 1600 130 47 3014

1210 1595 240 49 TA 82ᵃ 3

423 1614 2003 107 Eibeite de les dugnienter comme auni li lapeastie Vencie ademuneu

896 1690 647 62 anaen ul mnor i.

412 1725 2022 115 ainni que lec manhsandsevour les sisammet, i quant a quetauy

418 1822 1997 139 noir indûn mon emeir et patissier je vour quie de le teiner

518 1907 330 72 à 4 144

410 1935 2016 129 hravailler avec labin noir, que jai affranché fais en aaigee aamme

354 2041 20 88 1

410 2025 2003 134 salaiée i cest uibon non,mar il faat eille cautimeenant

407 2124 1959 133 à sa condtuite en can quel nest comporte par biai soi avec labin

796 2098 989 88 dada Deot aopit

201 2204 976 94 rmoor ciiafer ate mmini vuuee

1268 2196 429 70 qervon Vevar

434 2240 1991 138 Cotie de vour le quand voi aun becoin vour levendres, perceque

215 2347 2169 132 a. cun vousur pourer per en leur ansin logee, annni il vont mmeux

291 2485 37 92 5

379 2443 1962 142 lsenda. je les prevance de cela; cest à lai a ne comportee

412 2546 1975 152 enfui d'oni ce moment de révolation où est la France, p lane

431 2649 2000 137 tost avola volonté, tout ce qa vour feré Pia beu fai, j loise
