3050 2479
380 4 82 110 1

584 1 183 38 Aa 184

781 1 48 21 3

564 1 1167 117 Laciort Craquant d en tes preven

551 4 2487 198 allant a vacant a ses affaires Sest Expres tran portes au l'Etude de Balu MS^ Soussig

559 129 2477 160 ouila fait duté a nomme Le présent son testaremt Sorsonnance de desnieres

559 207 2379 163 Volonte quil lar de citend etre Aentéé ppre Samoit de lemeniert Dains

555 352 384 98 Quele Elit

624 374 2347 136 donne Dlegue tour les Diens qui lui appartendrvn ce ettophe au jour

556 461 2473 147 de son duns uait tout aque tourra lui resenir de l'Expedition quell du a

563 555 2449 134 Catre preadet sar les freguttes desarepabligne au Ce Julicurd Mennisuer

557 639 2371 140 dea port y demeurent Rac dit paur surousar, jourr jur lui la jours cd

546 718 2428 153 toudproprate al Euption dit mubles mabsant vanter effets de Meuige qoeled.

534 815 2465 150 Jasune Sera teme de renati a Sanonmmis jalie angralte Beayale ddeluve du

537 910 1990 144 C meale aunn ar ppertence a la quelledit au fait dout Cinligs

633 969 2324 164 Cefat asé fait dute Luvuine par le Vestaturda perre ysis Sala

556 1067 2370 168 M0e pa blis denurant purdiae lui de Chapital a Causlas Vermont

2527 1160 20 51 1

553 1154 2412 191 M^e Rordoneve dun Cunns las de lhepital Eue C. Jean Seur

524 1264 2472 188 Me ordonneur a vi ydeud Mude Mopitat tes pour cerequs

501 1364 2379 179 le Eppres appellés C près lai duquels le present testattayant Eté lu Ee

535 1473 2404 178 Rela an Moagres Ltautre aud testaleur Madalare y persistier le Estre Ses

523 1567 2434 176 derccure Jolantet. fait ce pasie ea Braord a larequisition doteslateur uapord Louis

534 1671 2409 174 Jle de France naletude levindre dy vingt senn desubet mil septt cent quated vingt treize

551 1764 2430 151 Sept heuree dugtpate lou deu de la repur a les lsni ondilqué avec leso^ non letestatance

548 1849 2466 142 qui a dclare ae davoin devie ni lquerr dus auquit. Signe telaont; Sera de Bale Vut But

537 1936 1102 156 Et Eétit Catatinime asgné dotlile fils.

739 2013 2258 151 Eurgisté par moi Greffier dctitmal cen de lhslede france Soussigne sur

754 2120 2251 105 un exffeditioi deudre Testament a mar pesente a at effet ci dennte rendia aprus

754 2200 1260 93 moutron faitt furcalle du prsent enrngistrement

743 2251 2269 161 Autert de tedent lle le faine le equelld pasere au cnquine de la Regt

763 2346 461 90 far ene et ndt

1418 2330 251 82 Busson
