2479 2625
852 1 694 70 delesefane

1307 18 171 54 d

846 14 1611 159 tentaun reeur pasentie qut effet ete denute render

844 137 1618 160 apui minn fete sis cculle du presentregitremin

836 226 1553 159 Ausoit dutoid auit Jslecle France le feis freeledin

847 361 552 117 du puertie loli

1583 316 570 112 ue uun prendl

1688 399 67 86 8

2032 377 86 72 04

1825 438 284 79 Vouvon

714 551 30 54 1

402 616 1697 143 suridin le  pullene uldle fa no

33 700 340 103 Aren de

42 787 346 88 pmart Noutte

423 697 2007 129 pedlee la aoe mais Resaent inaret nndicn lare affranchée

37 797 2271 150 Citoyeme de dda lpeur vute dmt le lon monnt Dnts au

1066 888 25 33 1

1110 892 99 39 d

64 949 162 141 45

239 940 11 48 1

265 907 1634 100 2 OᵃNBeu vill de lot l mntaqnie

364 974 1988 134 Ln puise Pen Joite seste leutesfon Saine coyn anaire

395 1076 1927 105 elanp au quel cel appere cseli natains Cnnt cques

389 1160 2084 120 lea malavie ee la farpienne, et dou pourseit senfarvie ma mort nopinée, voulait

392 1254 2050 121 padant leteute ou elles peute vaquer caser affains, Jar quelques depositions

391 1346 1972 103 qui la mmattent hois dinquiitade dans le can diveneent at tilant expres

1660 1319 16 56 1

386 1429 2030 111 hontpaté, aut effet en ltnde de Donand lun des netaie Soussignés afan

393 1509 1652 99 et dicté prusis netaire Jon confrere pesent le testament qui dui

408 1591 1986 121 Valau queti le laus quel su psice pradieneente parsa de mon aeu

385 1691 2002 112 mdt et partie demes jants et peqe ceporte un l au purendeace

380 1770 1954 124 airued qna hout epprtie t lles aomn Victori Cile veur Jle

341 1863 1986 121 Apl depreaeni mafile dnatautte, pour letant lui dn consené jierqui

372 1967 1977 124 Sa moyont aefon dablestement par marzage, etfi pas ndment elle

383 2066 1970 117 puait adéceder soin avant sa maporité foit avant cetre établie par

379 2164 2018 93 manage, je veun que letont appartannse, au Ceit Parse Perancbelot

379 2266 2005 87 cret malatare Lasitant au Pilon auquitt pruviis ande ledette

385 2340 2076 111 Vuctrrm ema felle, le nontemont du outre mor Toudar tstaimentire
