<?xml version="1.0" encoding="UTF-8"?>
<alto xmlns:xsi="http://www.w3.org/2001/XMLSchema-instance"
      xmlns="http://www.loc.gov/standards/alto/ns-v4#"
      xsi:schemaLocation="http://www.loc.gov/standards/alto/ns-v4# http://www.loc.gov/standards/alto/v4/alto-4-2.xsd">
  <Description>
    <MeasurementUnit>pixel</MeasurementUnit>
    <sourceImageInformation>
      <fileName>JK13_2.pdf_page_37.png</fileName>
      <fileIdentifier>pdf//JK13_2.pdf</fileIdentifier>
    </sourceImageInformation>
  </Description>
  <Tags>
    <OtherTag ID="BT7" LABEL="CustomZone" DESCRIPTION="block type CustomZone"/><OtherTag ID="BT8" LABEL="DamageZone" DESCRIPTION="block type DamageZone"/><OtherTag ID="BT9" LABEL="DigitizationArtefactZone" DESCRIPTION="block type DigitizationArtefactZone"/><OtherTag ID="BT12" LABEL="MainZone" DESCRIPTION="block type MainZone"/><OtherTag ID="BT13" LABEL="MarginTextZone" DESCRIPTION="block type MarginTextZone"/><OtherTag ID="BT15" LABEL="NumberingZone" DESCRIPTION="block type NumberingZone"/><OtherTag ID="BT17" LABEL="QuireMarksZone" DESCRIPTION="block type QuireMarksZone"/><OtherTag ID="BT476" LABEL="CustomZone:closer" DESCRIPTION="block type CustomZone:closer"/><OtherTag ID="BT477" LABEL="CustomZone:paraph" DESCRIPTION="block type CustomZone:paraph"/><OtherTag ID="BT478" LABEL="di" DESCRIPTION="block type di"/><OtherTag ID="BT479" LABEL="NumberingZone:document" DESCRIPTION="block type NumberingZone:document"/><OtherTag ID="BT480" LABEL="NumberingZone:folio" DESCRIPTION="block type NumberingZone:folio"/><OtherTag ID="BT481" LABEL="NumberingZone:page" DESCRIPTION="block type NumberingZone:page"/><OtherTag ID="BT482" LABEL="text" DESCRIPTION="block type text"/>
    <OtherTag ID="LT8" LABEL="DefaultLine" DESCRIPTION="line type DefaultLine"/><OtherTag ID="LT10" LABEL="HeadingLine" DESCRIPTION="line type HeadingLine"/><OtherTag ID="LT11" LABEL="InterlinearLine" DESCRIPTION="line type InterlinearLine"/><OtherTag ID="LT324" LABEL="default" DESCRIPTION="line type default"/>
  </Tags>
  <Layout>
    <Page WIDTH="2479"
          HEIGHT="2892"
          PHYSICAL_IMG_NR="36"
          ID="eSc_dummypage_">
      <PrintSpace HPOS="0"
                  VPOS="0"
                  WIDTH="2479"
                  HEIGHT="2892">
        <TextBlock HPOS="19"
                   VPOS="0"
                   WIDTH="2458"
                   HEIGHT="2826"
                   ID="eSc_textblock_aec3f58c"
                   TAGREFS="BT482">
          <Shape><Polygon POINTS="395 0 2477 0 2477 1039 2453 1201 2453 1386 2477 1457 2440 1516 2446 1984 2408 2082 2440 2299 2414 2408 2369 2474 2440 2583 2427 2633 2036 2659 1990 2704 1919 2716 1342 2716 1284 2729 1244 2800 1194 2826 1080 2826 1003 2800 969 2742 866 2704 456 2684 392 2710 147 2678 81 2607 45 2607 25 2095 51 1683 25 1619 57 1535 75 1580 90 1529 77 1439 57 1463 25 1431 19 1311 38 1296 45 964 62 1066 96 951 83 835 45 808 45 732 70 700 51 705 32 647 25 295 107 289 56 314 49 383 70 398 90 366 180 377 160 306 180 276 229 276 237 302 287 314 255 327 276 347 352 353 379 257 340 212 379 159 366 12 395 0"/></Shape>
          <TextLine ID="eSc_line_24af4e58"
                    TAGREFS="LT324"
                    BASELINE="401 85 1067 62 1516 59 2118 40 2470 36" 
                    HPOS="400"
                    VPOS="1"
                    WIDTH="2070"
                    HEIGHT="114">
            <Shape><Polygon POINTS="2456 1 2440 1 2424 1 2408 1 2392 1 2376 1 2360 1 2343 1 2327 1 2315 1 1763 19 1749 16 1737 12 1736 12 1734 12 1733 12 1720 16 1704 20 1634 19 1543 16 1541 16 1477 24 1443 27 1429 25 1335 4 1334 4 1257 14 1255 14 1213 32 1207 33 1196 32 1086 11 1085 11 1016 20 710 20 708 20 628 35 588 24 586 24 585 24 583 24 519 46 490 41 488 41 400 54 401 85 401 115 506 114 508 114 557 94 585 102 586 102 588 102 686 93 741 107 742 107 744 107 745 107 789 86 839 86 922 93 924 93 926 93 964 81 1149 78 1176 89 1178 89 1180 89 1181 89 1213 78 1265 86 1266 86 1268 86 1290 75 1454 86 1456 86 1458 86 1511 73 1559 81 1561 81 1562 81 1589 75 1612 85 1614 85 1615 85 1626 85 1834 80 1845 80 1954 69 2067 72 2069 72 2070 72 2147 53 2467 62 2470 36 2466 1 2456 1"/></Shape>
	    <String CONTENT="Luant au qualiime enlane nommé una matambiier ledit douct"
                    HPOS="400"
                    VPOS="1"
                    WIDTH="2070"
                    HEIGHT="114"
                    WC="0.9724648594856262"></String>
          </TextLine>
          <TextLine ID="eSc_line_d99a55f6"
                    TAGREFS="LT324"
                    BASELINE="1054 94 1245 98" 
                    HPOS="1053"
                    VPOS="64"
                    WIDTH="192"
                    HEIGHT="62">
            <Shape><Polygon POINTS="1054 94 1053 114 1062 123 1062 125 1064 125 1065 125 1067 125 1126 114 1131 114 1136 115 1176 126 1178 126 1180 126 1181 126 1202 118 1208 117 1242 120 1245 98 1242 64 1181 75 1054 67 1054 94"/></Shape>
	    <String CONTENT="da"
                    HPOS="1053"
                    VPOS="64"
                    WIDTH="192"
                    HEIGHT="62"
                    WC="0.9997343719005585"></String>
          </TextLine>
          <TextLine ID="eSc_line_f6b73b13"
                    TAGREFS="LT324"
                    BASELINE="1487 96 1516 94" 
                    HPOS="1483"
                    VPOS="67"
                    WIDTH="33"
                    HEIGHT="48">
            <Shape><Polygon POINTS="1487 96 1487 115 1516 110 1516 94 1512 67 1483 67 1487 96"/></Shape>
	    <String CONTENT="1"
                    HPOS="1483"
                    VPOS="67"
                    WIDTH="33"
                    HEIGHT="48"
                    WC="0.9999881982803345"></String>
          </TextLine>
          <TextLine ID="eSc_line_8211bb26"
                    TAGREFS="LT324"
                    BASELINE="406 178 663 173 895 159 2461 130" 
                    HPOS="405"
                    VPOS="77"
                    WIDTH="2056"
                    HEIGHT="133">
            <Shape><Polygon POINTS="406 178 406 189 474 200 475 200 477 200 479 200 495 191 532 199 533 199 692 194 733 210 734 210 736 210 874 184 906 179 974 179 991 183 1065 204 1067 204 1069 204 1504 194 1506 194 1543 178 1569 165 1900 160 1945 168 1946 168 1987 160 2041 171 2093 183 2094 184 2146 184 2146 183 2147 183 2171 170 2461 167 2461 130 2456 96 2369 96 2311 77 2310 77 2308 77 2226 98 2154 101 2123 104 2015 104 1990 93 1988 93 1987 93 1985 93 1959 102 1834 102 1797 88 1795 88 1794 88 1575 91 1573 91 1520 114 1437 101 1435 101 1434 101 1395 117 1393 117 1392 117 1319 102 1318 102 1208 115 1114 109 1112 109 1110 109 1085 120 1014 106 1012 106 898 118 819 106 818 106 760 107 758 107 718 123 680 115 678 115 676 115 620 133 405 136 406 178"/></Shape>
	    <String CONTENT="en nnattn leleter dle poprieté aux donataires a leu requisilion"
                    HPOS="405"
                    VPOS="77"
                    WIDTH="2056"
                    HEIGHT="133"
                    WC="0.9537981762772515"></String>
          </TextLine>
          <TextLine ID="eSc_line_0a37deb1"
                    TAGREFS="LT324"
                    BASELINE="403 273 972 252 1607 249 2440 229" 
                    HPOS="400"
                    VPOS="160"
                    WIDTH="2040"
                    HEIGHT="142">
            <Shape><Polygon POINTS="403 273 403 295 458 302 459 302 495 295 557 281 678 290 680 290 681 290 710 277 794 282 795 282 1011 271 1143 277 1154 284 1186 297 1188 297 1189 297 1535 290 1536 290 1564 276 1589 263 1652 263 1704 274 1755 285 1757 285 1848 284 1850 284 1872 273 1921 282 1922 282 1982 269 2078 249 2165 249 2191 260 2192 260 2194 260 2250 260 2263 265 2282 274 2284 274 2286 274 2438 261 2440 229 2437 160 2401 160 2400 160 2398 160 2397 160 2340 183 2239 183 2160 165 2157 165 2155 165 2154 165 2152 165 2125 179 2083 173 2081 173 2080 173 1993 197 1729 200 1696 189 1694 189 1692 189 1631 202 1565 196 1564 196 1464 207 1395 191 1393 191 1392 191 1353 205 1218 187 1216 187 1096 205 1017 189 1016 189 930 191 929 191 850 216 800 210 799 210 797 210 774 221 708 208 707 208 636 223 553 199 551 199 549 199 400 200 403 273"/></Shape>
	    <String CONTENT="Cette donatun et frite en tonte payuité andu fudenl ce ampte"
                    HPOS="400"
                    VPOS="160"
                    WIDTH="2040"
                    HEIGHT="142"
                    WC="0.9656435986359914"></String>
          </TextLine>
          <TextLine ID="eSc_line_a3036945"
                    TAGREFS="LT324"
                    BASELINE="406 361 823 366 1041 355 1782 358 2233 340 2467 337" 
                    HPOS="405"
                    VPOS="276"
                    WIDTH="2062"
                    HEIGHT="128">
            <Shape><Polygon POINTS="406 361 408 404 472 404 472 403 474 403 475 403 527 379 569 393 570 393 688 398 689 398 691 398 765 379 835 393 837 393 839 393 895 374 1004 390 1006 390 1007 390 1053 371 1159 371 1205 392 1208 393 1210 393 1376 398 1377 398 1580 396 1630 385 1639 383 1644 385 1665 395 1667 395 1668 396 1747 396 1747 395 1749 395 1794 383 1823 375 1893 379 1895 379 1897 379 1943 366 2035 366 2065 379 2096 392 2097 392 2099 393 2154 393 2154 392 2155 392 2192 377 2226 364 2258 371 2260 371 2419 363 2464 372 2467 337 2462 276 2126 277 2046 284 1993 290 1991 290 1948 310 1729 295 1728 295 1726 295 1670 311 1601 295 1554 284 1552 284 1551 284 1520 297 1511 300 1493 297 1442 287 1440 287 1438 287 1398 298 1398 300 1324 300 1298 289 1297 289 1135 284 1133 284 1017 308 975 318 675 318 662 316 586 302 585 302 583 302 546 319 543 321 405 321 406 361"/></Shape>
	    <String CONTENT="pour leur ainu quil est du alachery par lui de tous diaits affeitt aeu"
                    HPOS="405"
                    VPOS="276"
                    WIDTH="2062"
                    HEIGHT="128"
                    WC="0.9400326945952007"></String>
          </TextLine>
          <TextLine ID="eSc_line_967f5538"
                    TAGREFS="LT324"
                    BASELINE="409 409 424 411" 
                    HPOS="408"
                    VPOS="363"
                    WIDTH="16"
                    HEIGHT="64">
            <Shape><Polygon POINTS="414 363 409 409 408 427 421 424 424 411 424 363 414 363"/></Shape>
	    <String CONTENT="1"
                    HPOS="408"
                    VPOS="363"
                    WIDTH="16"
                    HEIGHT="64"
                    WC="0.998672366142273"></String>
          </TextLine>
          <TextLine ID="eSc_line_de3d42bd"
                    TAGREFS="LT324"
                    BASELINE="520 412 554 412" 
                    HPOS="520"
                    VPOS="374"
                    WIDTH="34"
                    HEIGHT="48">
            <Shape><Polygon POINTS="520 412 520 422 554 419 554 412 551 374 520 388 520 412"/></Shape>
	    <String CONTENT="1"
                    HPOS="520"
                    VPOS="374"
                    WIDTH="34"
                    HEIGHT="48"
                    WC="0.9998979568481445"></String>
          </TextLine>
          <TextLine ID="eSc_line_ba62555a"
                    TAGREFS="LT324"
                    BASELINE="906 393 975 393" 
                    HPOS="906"
                    VPOS="366"
                    WIDTH="69"
                    HEIGHT="48">
            <Shape><Polygon POINTS="906 393 906 409 974 414 975 393 975 372 906 366 906 393"/></Shape>
	    <String CONTENT="34"
                    HPOS="906"
                    VPOS="366"
                    WIDTH="69"
                    HEIGHT="48"
                    WC="0.9997637271881104"></String>
          </TextLine>
          <TextLine ID="eSc_line_d2b2b0c8"
                    TAGREFS="LT324"
                    BASELINE="242 451 329 454" 
                    HPOS="241"
                    VPOS="414"
                    WIDTH="88"
                    HEIGHT="61">
            <Shape><Polygon POINTS="242 451 241 465 250 473 252 473 254 473 255 473 257 473 273 467 282 464 324 475 329 454 329 416 242 414 242 451"/></Shape>
	    <String CONTENT="4"
                    HPOS="241"
                    VPOS="414"
                    WIDTH="88"
                    HEIGHT="61"
                    WC="0.9999983310699463"></String>
          </TextLine>
          <TextLine ID="eSc_line_e8d7ec1f"
                    TAGREFS="LT324"
                    BASELINE="377 456 2247 464 2425 454" 
                    HPOS="376"
                    VPOS="400"
                    WIDTH="2049"
                    HEIGHT="112">
            <Shape><Polygon POINTS="377 456 376 485 459 485 485 496 487 496 488 496 596 485 610 485 644 486 782 493 784 493 848 488 864 486 871 488 932 504 934 504 935 504 1022 496 1051 506 1053 506 1054 506 1089 499 1159 507 1160 509 1294 509 1294 507 1422 491 1429 491 1432 491 1479 507 1480 507 1482 507 1565 498 1612 509 1614 509 1615 509 1617 509 1646 499 1771 509 1773 509 1840 494 1848 493 1853 494 1885 509 1887 509 1999 510 2001 512 2093 512 2093 510 2094 510 2134 496 2151 491 2422 498 2425 454 2424 419 2355 406 2353 406 2298 414 2212 406 2210 406 2208 406 2181 419 2165 427 2014 427 1979 419 1911 404 1659 404 1657 404 1655 404 1623 419 1612 424 1266 424 1234 419 1173 412 1171 412 1170 412 1155 419 1117 401 1115 401 1114 401 1048 412 1022 401 1020 401 713 400 712 400 593 419 591 419 477 408 475 408 377 420 377 456"/></Shape>
	    <String CONTENT="¬q paursent tetre reux dettes popertes en outier ela charge par leui den"
                    HPOS="376"
                    VPOS="400"
                    WIDTH="2049"
                    HEIGHT="112"
                    WC="0.951948307454586"></String>
          </TextLine>
          <TextLine ID="eSc_line_af8ced43"
                    TAGREFS="LT324"
                    BASELINE="2432 454 2456 454" 
                    HPOS="2432"
                    VPOS="412"
                    WIDTH="24"
                    HEIGHT="103">
            <Shape><Polygon POINTS="2432 454 2432 515 2456 515 2456 454 2456 416 2432 412 2432 454"/></Shape>
	    <String CONTENT="1"
                    HPOS="2432"
                    VPOS="412"
                    WIDTH="24"
                    HEIGHT="103"
                    WC="0.999370276927948"></String>
          </TextLine>
          <TextLine ID="eSc_line_ccb60274"
                    TAGREFS="LT324"
                    BASELINE="117 589 146 591" 
                    HPOS="114"
                    VPOS="560"
                    WIDTH="32"
                    HEIGHT="68">
            <Shape><Polygon POINTS="117 589 114 628 143 628 146 591 146 560 117 560 117 589"/></Shape>
	    <String CONTENT="4"
                    HPOS="114"
                    VPOS="560"
                    WIDTH="32"
                    HEIGHT="68"
                    WC="0.999916672706604"></String>
          </TextLine>
          <TextLine ID="eSc_line_ec0b3d48"
                    TAGREFS="LT324"
                    BASELINE="409 560 631 555 945 562 2242 562 2442 554" 
                    HPOS="408"
                    VPOS="493"
                    WIDTH="2034"
                    HEIGHT="93">
            <Shape><Polygon POINTS="409 560 411 581 456 570 736 570 855 573 866 580 879 584 880 584 882 584 937 578 1001 571 1073 578 1155 584 1157 584 1159 584 1186 576 1191 576 1216 576 1416 584 1417 584 1419 584 1450 575 1469 570 1493 575 1511 578 1512 578 1552 575 1606 570 1615 575 1638 584 1639 584 1641 586 1943 586 1943 584 2061 571 2081 570 2106 571 2276 584 2278 584 2440 568 2442 554 2438 498 2220 493 2218 493 2216 493 2196 499 2146 515 2043 515 1995 501 1987 499 1985 499 1983 499 1972 501 1937 509 1879 502 1798 493 1507 493 1506 493 1504 493 1467 506 1445 515 1409 515 1376 507 1311 493 1310 493 1308 493 1273 507 1258 515 1044 515 1025 510 980 501 979 501 977 501 946 510 937 515 726 515 720 514 635 494 633 494 631 494 594 510 509 501 508 501 408 515 409 560"/></Shape>
	    <String CONTENT="tanne la jaresainne plune et enture a ladite Odelaidle la mere favie"
                    HPOS="408"
                    VPOS="493"
                    WIDTH="2034"
                    HEIGHT="93"
                    WC="0.9284988632973503"></String>
          </TextLine>
          <TextLine ID="eSc_line_f5d9c86d"
                    TAGREFS="LT324"
                    BASELINE="2405 607 2413 607" 
                    HPOS="2405"
                    VPOS="560"
                    WIDTH="8"
                    HEIGHT="77">
            <Shape><Polygon POINTS="2405 607 2405 637 2413 637 2413 607 2413 562 2405 560 2405 607"/></Shape>
	    <String CONTENT="1"
                    HPOS="2405"
                    VPOS="560"
                    WIDTH="8"
                    HEIGHT="77"
                    WC="0.989661693572998"></String>
          </TextLine>
          <TextLine ID="eSc_line_22f9b759"
                    TAGREFS="LT324"
                    BASELINE="374 761 880 750 1467 756 2469 750" 
                    HPOS="372"
                    VPOS="697"
                    WIDTH="2097"
                    HEIGHT="93">
            <Shape><Polygon POINTS="374 761 374 777 795 769 824 780 840 787 842 787 958 790 959 790 961 790 982 780 1011 767 1237 777 1239 777 1302 766 1453 776 1464 782 1477 787 1479 787 1480 788 1599 788 1599 787 1601 787 1615 782 1631 776 1718 782 1752 784 1753 784 1755 784 1763 782 1805 771 1821 777 1823 777 1824 777 1917 767 1974 780 1975 780 1977 780 2017 767 2130 782 2146 784 2147 784 2469 782 2469 750 2466 714 2393 697 2392 697 2390 697 2342 713 2253 700 2252 700 2250 700 2210 714 2210 716 1866 716 1852 716 1321 698 1319 698 1229 719 1225 721 1128 721 1126 719 1085 700 1083 700 1081 700 1080 700 1043 716 684 702 683 702 593 721 586 723 580 721 519 703 517 703 408 703 406 703 405 703 372 719 374 761"/></Shape>
	    <String CONTENT="fels ce de lai fenr appreudir na dat suivant leu moyensele en ni cle"
                    HPOS="372"
                    VPOS="697"
                    WIDTH="2097"
                    HEIGHT="93"
                    WC="0.9550068054129096"></String>
          </TextLine>
          <TextLine ID="eSc_line_8dfc2585"
                    TAGREFS="LT324"
                    BASELINE="401 838 1808 856 2448 851" 
                    HPOS="400"
                    VPOS="784"
                    WIDTH="2048"
                    HEIGHT="96">
            <Shape><Polygon POINTS="401 838 400 856 617 867 618 867 660 859 673 856 680 859 702 869 704 869 705 869 945 861 1004 859 1014 861 1057 872 1059 872 1061 874 1176 874 1176 872 1178 872 1199 862 1204 861 1208 862 1237 872 1239 872 1241 872 1300 862 1310 862 1321 864 1417 875 1419 875 1535 864 1551 864 1556 865 1593 877 1594 877 1596 877 1749 870 1768 878 1770 878 1771 878 1916 872 1935 880 1937 880 1938 880 1995 872 2035 880 2036 880 2117 870 2179 880 2181 880 2183 880 2218 872 2446 872 2448 851 2445 798 2351 817 2261 798 2252 796 2078 795 2077 795 2075 795 2067 798 2025 814 1880 804 1879 804 1742 812 1570 808 1544 798 1532 795 1530 795 1528 795 1527 795 1516 798 1499 804 1483 798 1462 792 1461 792 1459 792 1361 800 1345 800 1343 800 1319 788 1318 788 1316 788 1186 790 1120 800 1072 806 1044 800 988 785 987 785 985 785 945 792 861 784 819 784 818 784 816 784 776 800 766 803 737 800 639 788 638 788 567 800 565 801 401 801 401 838"/></Shape>
	    <String CONTENT="mort dude fediet avant La ditte men, vus se entour ledit"
                    HPOS="400"
                    VPOS="784"
                    WIDTH="2048"
                    HEIGHT="96"
                    WC="0.9741853837456022"></String>
          </TextLine>
          <TextLine ID="eSc_line_e4c79be7"
                    TAGREFS="LT324"
                    BASELINE="228 899 379 907" 
                    HPOS="226"
                    VPOS="851"
                    WIDTH="153"
                    HEIGHT="77">
            <Shape><Polygon POINTS="228 899 226 912 376 928 379 907 379 854 229 851 228 899"/></Shape>
	    <String CONTENT="CRI"
                    HPOS="226"
                    VPOS="851"
                    WIDTH="153"
                    HEIGHT="77"
                    WC="0.989391028881073"></String>
          </TextLine>
          <TextLine ID="eSc_line_a6ea4ea1"
                    TAGREFS="LT324"
                    BASELINE="192 951 221 952" 
                    HPOS="191"
                    VPOS="902"
                    WIDTH="30"
                    HEIGHT="70">
            <Shape><Polygon POINTS="192 951 191 970 218 972 221 952 221 902 194 902 192 951"/></Shape>
	    <String CONTENT="5"
                    HPOS="191"
                    VPOS="902"
                    WIDTH="30"
                    HEIGHT="70"
                    WC="0.999947190284729"></String>
          </TextLine>
          <TextLine ID="eSc_line_cf3f07cb"
                    TAGREFS="LT324"
                    BASELINE="409 931 2453 947" 
                    HPOS="408"
                    VPOS="861"
                    WIDTH="2045"
                    HEIGHT="122">
            <Shape><Polygon POINTS="409 931 408 946 498 960 499 960 570 949 835 962 837 962 885 955 935 972 937 972 1022 973 1024 975 1112 975 1112 973 1114 973 1162 955 1181 962 1183 962 1184 962 1225 954 1390 957 1493 975 1495 975 1612 957 1694 975 1696 975 1697 975 1750 959 1925 980 1927 980 1929 980 1964 964 2044 981 2046 983 2155 983 2155 981 2157 981 2226 962 2310 980 2311 980 2380 964 2451 964 2453 947 2450 877 2348 891 2326 883 2324 883 2323 883 2321 883 2260 899 2184 875 2183 875 2181 875 2179 875 2139 886 2067 875 2065 875 1998 883 1972 874 1970 874 1614 870 1612 870 1610 870 1533 902 1355 894 1353 894 1307 901 1245 891 1244 891 1242 891 1216 901 1024 901 908 891 906 891 905 891 879 898 818 882 816 882 815 882 813 882 770 898 707 898 671 882 670 882 668 882 667 882 617 894 573 883 572 883 570 883 530 888 474 862 472 862 409 861 409 931"/></Shape>
	    <String CONTENT="don tieur que ladette paprrêté sit reane à la jouissance qu&#x27;en arra"
                    HPOS="408"
                    VPOS="861"
                    WIDTH="2045"
                    HEIGHT="122"
                    WC="0.9581992732944773"></String>
          </TextLine>
          <TextLine ID="eSc_line_177c5f61"
                    TAGREFS="LT324"
                    BASELINE="400 1026 2440 1031" 
                    HPOS="400"
                    VPOS="965"
                    WIDTH="2040"
                    HEIGHT="101">
            <Shape><Polygon POINTS="400 1026 400 1058 448 1041 501 1041 757 1060 787 1062 789 1063 1009 1063 1009 1062 1022 1062 1194 1042 1302 1052 1303 1052 1543 1042 1581 1053 1583 1053 1585 1053 1636 1042 1744 1042 1811 1063 1816 1065 1818 1065 1819 1065 1906 1063 1977 1062 1979 1062 2035 1044 2241 1044 2321 1050 2351 1065 2353 1065 2355 1066 2438 1066 2440 1031 2437 972 2326 981 2303 970 2302 970 2300 970 2181 970 2179 970 2175 970 2065 986 2012 972 2011 972 2009 972 1903 980 1749 970 1747 970 1745 970 1679 992 1620 983 1618 983 1617 983 1591 994 1493 994 1467 983 1466 983 1464 983 1395 992 1321 973 1319 973 1318 973 1316 973 1278 992 1081 992 950 984 948 984 654 991 570 983 536 967 535 967 400 965 400 1026"/></Shape>
	    <String CONTENT="fadeur meur laquelle mair sentement en la detsins can endrvemdit"
                    HPOS="400"
                    VPOS="965"
                    WIDTH="2040"
                    HEIGHT="101"
                    WC="0.9711391208693385"></String>
          </TextLine>
          <TextLine ID="eSc_line_4acbd95f"
                    TAGREFS="LT324"
                    BASELINE="401 1066 419 1066" 
                    HPOS="401"
                    VPOS="1031"
                    WIDTH="18"
                    HEIGHT="80">
            <Shape><Polygon POINTS="401 1066 401 1106 416 1111 419 1066 416 1031 401 1037 401 1066"/></Shape>
	    <String CONTENT="6"
                    HPOS="401"
                    VPOS="1031"
                    WIDTH="18"
                    HEIGHT="80"
                    WC="0.999380350112915"></String>
          </TextLine>
          <TextLine ID="eSc_line_9cd83272"
                    TAGREFS="LT324"
                    BASELINE="419 1123 1753 1118 2450 1129" 
                    HPOS="417"
                    VPOS="1055"
                    WIDTH="2033"
                    HEIGHT="101">
            <Shape><Polygon POINTS="419 1123 417 1156 516 1156 516 1155 517 1155 546 1142 615 1150 617 1150 618 1150 643 1142 667 1153 668 1153 670 1153 675 1153 781 1145 818 1153 832 1155 834 1156 975 1156 975 1155 977 1155 990 1151 1014 1143 1032 1150 1043 1155 1044 1155 1046 1156 1131 1156 1131 1155 1173 1150 1231 1142 1273 1148 1310 1155 1311 1155 1342 1148 1398 1135 1506 1135 1536 1147 1538 1147 1540 1147 1541 1147 1543 1147 1544 1147 1588 1135 1840 1143 1882 1145 1884 1145 1906 1143 1999 1135 2049 1142 2099 1150 2101 1150 2102 1150 2130 1143 2167 1151 2168 1151 2170 1151 2197 1142 2202 1140 2205 1142 2242 1153 2244 1153 2245 1153 2448 1139 2450 1129 2445 1060 2424 1066 2398 1060 2379 1055 2377 1055 2086 1055 2085 1055 2036 1062 1996 1066 1917 1062 1826 1057 1824 1057 1823 1057 1810 1063 1766 1081 1729 1068 1728 1068 1726 1068 1725 1068 1689 1076 1618 1066 1617 1066 1615 1066 1567 1082 1462 1081 1424 1066 1422 1066 1421 1066 1305 1084 1253 1084 1215 1068 1213 1068 1212 1068 1210 1068 1154 1082 1046 1068 1044 1068 919 1082 633 1081 609 1068 598 1063 596 1063 594 1063 593 1063 575 1068 528 1082 496 1071 495 1071 419 1070 419 1123"/></Shape>
	    <String CONTENT="propiiteur nommctuble trasportent ledu donsteur lour droils de"
                    HPOS="417"
                    VPOS="1055"
                    WIDTH="2033"
                    HEIGHT="101"
                    WC="0.9596141418141704"></String>
          </TextLine>
          <TextLine ID="eSc_line_1385c9fb"
                    TAGREFS="LT324"
                    BASELINE="297 1196 501 1221 1868 1217 2429 1225" 
                    HPOS="295"
                    VPOS="1148"
                    WIDTH="2134"
                    HEIGHT="113">
            <Shape><Polygon POINTS="295 1229 381 1258 382 1258 384 1259 527 1259 527 1258 528 1258 631 1230 633 1230 636 1230 739 1240 741 1240 872 1232 901 1230 909 1232 961 1246 962 1246 964 1246 966 1246 1017 1233 1120 1241 1122 1241 1181 1233 1188 1233 1189 1233 1249 1259 1250 1259 1252 1259 1406 1235 1411 1235 1414 1235 1495 1259 1496 1259 1498 1259 1607 1245 1644 1259 1646 1259 1982 1261 1983 1261 1985 1261 2035 1240 2043 1240 2104 1233 2425 1241 2429 1225 2429 1184 2276 1182 2274 1180 2207 1151 2205 1151 2106 1151 2104 1151 2009 1172 1929 1169 1874 1151 1872 1151 1871 1151 1784 1169 1705 1160 1704 1160 1702 1160 1663 1171 1623 1166 1622 1166 1620 1166 1607 1171 1589 1180 1271 1180 1244 1171 1242 1171 1241 1171 1239 1171 1218 1177 1183 1164 1141 1150 1139 1150 784 1148 782 1148 781 1148 755 1160 708 1177 432 1171 403 1158 401 1158 299 1153 297 1196 295 1229"/></Shape>
	    <String CONTENT="cappeuté et autur qul a et pouveire palendre sar ledie tesree"
                    HPOS="295"
                    VPOS="1148"
                    WIDTH="2134"
                    HEIGHT="113"
                    WC="0.9748082483401064"></String>
          </TextLine>
          <TextLine ID="eSc_line_d98f3918"
                    TAGREFS="LT324"
                    BASELINE="2049 1254 2236 1251" 
                    HPOS="2048"
                    VPOS="1227"
                    WIDTH="188"
                    HEIGHT="56">
            <Shape><Polygon POINTS="2049 1254 2049 1269 2102 1282 2104 1283 2141 1283 2141 1282 2143 1282 2144 1282 2152 1275 2160 1270 2234 1278 2236 1251 2231 1227 2048 1227 2049 1254"/></Shape>
	    <String CONTENT=" 1"
                    HPOS="2048"
                    VPOS="1227"
                    WIDTH="188"
                    HEIGHT="56"
                    WC="0.9142920672893524"></String>
          </TextLine>
          <TextLine ID="eSc_line_71a7bfa5"
                    TAGREFS="LT324"
                    BASELINE="397 1322 821 1314 1697 1312 2438 1323" 
                    HPOS="395"
                    VPOS="1259"
                    WIDTH="2043"
                    HEIGHT="101">
            <Shape><Polygon POINTS="397 1322 395 1359 544 1359 544 1357 546 1357 606 1338 630 1344 631 1344 633 1344 635 1344 691 1330 844 1344 845 1344 901 1338 924 1347 926 1347 927 1347 929 1347 971 1338 1072 1354 1099 1359 1101 1359 1138 1354 1194 1347 1228 1354 1239 1356 1241 1356 1242 1356 1247 1354 1305 1331 1815 1331 1874 1351 1906 1360 1908 1360 1909 1360 2080 1359 2081 1359 2106 1349 2117 1346 2141 1349 2207 1360 2208 1360 2265 1349 2290 1344 2324 1349 2374 1356 2376 1356 2437 1347 2438 1323 2437 1267 2302 1262 2300 1262 2298 1262 2282 1267 2242 1282 2134 1282 2101 1269 2085 1262 2083 1262 2081 1262 2080 1262 2057 1269 2043 1272 2033 1269 2017 1262 2015 1262 1824 1262 1823 1262 1821 1262 1802 1270 1795 1272 1782 1270 1749 1264 1747 1264 1745 1264 1726 1270 1700 1280 1450 1280 1419 1272 1374 1262 1372 1262 1300 1272 1257 1278 1202 1274 1069 1259 1067 1259 1065 1259 1016 1274 1009 1275 1001 1274 922 1261 921 1261 919 1261 879 1275 872 1278 823 1278 815 1275 753 1259 752 1259 750 1259 639 1272 581 1259 580 1259 578 1259 516 1277 397 1277 397 1322"/></Shape>
	    <String CONTENT="depeudancu et enlave dessaisissent en favsor dles donslanie de la"
                    HPOS="395"
                    VPOS="1259"
                    WIDTH="2043"
                    HEIGHT="101"
                    WC="0.9691156859581287"></String>
          </TextLine>
          <TextLine ID="eSc_line_e74d5dbe"
                    TAGREFS="LT324"
                    BASELINE="413 1420 1316 1410 2429 1417" 
                    HPOS="411"
                    VPOS="1354"
                    WIDTH="2018"
                    HEIGHT="93">
            <Shape><Polygon POINTS="413 1420 413 1434 665 1429 683 1436 707 1446 708 1446 710 1447 983 1447 983 1446 1022 1437 1056 1429 1081 1437 1104 1444 1106 1444 1107 1444 1155 1437 1170 1436 1178 1437 1208 1446 1210 1446 1212 1447 1376 1447 1376 1446 1430 1439 1472 1433 1498 1439 1528 1446 1530 1446 1612 1439 1636 1437 1643 1439 1662 1446 1663 1446 1665 1446 1694 1439 1736 1429 1999 1429 2038 1441 2056 1446 2057 1446 2059 1446 2109 1441 2183 1433 2425 1441 2429 1417 2425 1367 2350 1375 2329 1367 2305 1357 2303 1357 2302 1357 2300 1357 2279 1367 2261 1376 2109 1376 2072 1368 2001 1354 1823 1354 1821 1354 1819 1354 1781 1370 1768 1376 1483 1376 1467 1372 1395 1354 1393 1354 1234 1373 1225 1373 1218 1373 1114 1354 1112 1354 988 1362 887 1354 885 1354 884 1354 818 1375 816 1375 813 1375 615 1354 614 1354 612 1354 546 1373 458 1368 456 1368 411 1376 413 1420"/></Shape>
	    <String CONTENT="maind et acnnn qu&#x27;il vient detue dc lente cyant tanse veulant"
                    HPOS="411"
                    VPOS="1354"
                    WIDTH="2018"
                    HEIGHT="93"
                    WC="0.9711277436037533"></String>
          </TextLine>
          <TextLine ID="eSc_line_6416dbfe"
                    TAGREFS="LT324"
                    BASELINE="339 1473 374 1473" 
                    HPOS="339"
                    VPOS="1433"
                    WIDTH="35"
                    HEIGHT="75">
            <Shape><Polygon POINTS="339 1473 339 1507 372 1508 374 1473 372 1433 339 1436 339 1473"/></Shape>
	    <String CONTENT="4"
                    HPOS="339"
                    VPOS="1433"
                    WIDTH="35"
                    HEIGHT="75"
                    WC="0.9997820258140564"></String>
          </TextLine>
          <TextLine ID="eSc_line_fc3f9e7b"
                    TAGREFS="LT324"
                    BASELINE="409 1521 2413 1508" 
                    HPOS="409"
                    VPOS="1455"
                    WIDTH="2004"
                    HEIGHT="108">
            <Shape><Polygon POINTS="409 1563 659 1561 660 1561 667 1558 718 1537 807 1555 808 1555 810 1555 869 1526 911 1524 1064 1524 1099 1534 1101 1534 1102 1534 1133 1527 1183 1542 1184 1542 1186 1542 1188 1542 1218 1527 1371 1537 1372 1537 1540 1521 1622 1523 1657 1539 1659 1539 1660 1539 1662 1539 1713 1519 2009 1519 2048 1532 2114 1552 2115 1552 2117 1552 2311 1550 2411 1524 2413 1508 2409 1473 2279 1473 2278 1471 2234 1455 2233 1455 2231 1455 2229 1455 2170 1471 2159 1473 2118 1471 1993 1462 1991 1462 1990 1462 1967 1470 1958 1474 1802 1474 1755 1468 1683 1458 1681 1458 1679 1458 1649 1468 1631 1473 1609 1468 1588 1463 1586 1463 1548 1468 1475 1476 1425 1466 1389 1460 1387 1460 1385 1460 1364 1466 1332 1476 1310 1470 1308 1470 1307 1470 1242 1478 1202 1465 1180 1458 1178 1458 1176 1458 1175 1458 1155 1465 1118 1479 1078 1465 1053 1455 1051 1455 911 1455 909 1455 668 1457 667 1457 651 1462 599 1481 540 1462 528 1458 527 1458 525 1458 508 1462 453 1473 409 1462 409 1521 409 1563"/></Shape>
	    <String CONTENT="quils nl sosent fains, mis a maintencs en qaseision par que"
                    HPOS="409"
                    VPOS="1455"
                    WIDTH="2004"
                    HEIGHT="108"
                    WC="0.9511001771789486"></String>
          </TextLine>
          <TextLine ID="eSc_line_52ceda0a"
                    TAGREFS="LT324"
                    BASELINE="416 1624 1347 1613 2433 1616" 
                    HPOS="414"
                    VPOS="1556"
                    WIDTH="2019"
                    HEIGHT="100">
            <Shape><Polygon POINTS="416 1624 416 1656 564 1642 596 1653 598 1653 599 1653 726 1645 747 1654 749 1654 750 1656 852 1656 852 1654 853 1654 913 1630 1032 1625 1061 1633 1062 1633 1064 1633 1104 1624 1561 1624 1617 1637 1618 1637 1620 1637 1652 1624 1731 1624 1792 1637 1794 1637 1795 1637 1840 1622 1922 1648 1924 1648 1925 1648 1927 1648 2007 1625 2067 1643 2069 1643 2070 1643 2072 1643 2110 1633 2168 1648 2175 1650 2176 1650 2178 1650 2433 1646 2433 1616 2432 1579 2295 1556 2294 1556 2175 1579 2159 1582 2143 1580 2059 1566 2057 1566 2056 1566 2009 1580 2007 1582 1921 1582 1917 1580 1866 1556 1864 1556 1863 1556 1712 1576 1670 1558 1668 1558 1360 1558 1358 1558 1356 1558 1310 1569 1241 1561 1239 1561 1149 1582 1046 1560 1044 1560 1043 1560 974 1587 498 1587 472 1576 471 1576 469 1576 414 1588 416 1624"/></Shape>
	    <String CONTENT="et aini quel appartiendra, comtitmant aul effet pracereur le porten"
                    HPOS="414"
                    VPOS="1556"
                    WIDTH="2019"
                    HEIGHT="100"
                    WC="0.9676655913466838"></String>
          </TextLine>
          <TextLine ID="eSc_line_bd4433d1"
                    TAGREFS="LT324"
                    BASELINE="299 1658 416 1666" 
                    HPOS="297"
                    VPOS="1593"
                    WIDTH="120"
                    HEIGHT="100">
            <Shape><Polygon POINTS="299 1658 297 1680 411 1693 416 1666 417 1613 392 1611 390 1609 369 1593 368 1593 366 1593 364 1593 302 1598 299 1658"/></Shape>
	    <String CONTENT="3723"
                    HPOS="297"
                    VPOS="1593"
                    WIDTH="120"
                    HEIGHT="100"
                    WC="0.9969578832387924"></String>
          </TextLine>
          <TextLine ID="eSc_line_8f78845a"
                    TAGREFS="LT324"
                    BASELINE="405 1722 1311 1707 2382 1714" 
                    HPOS="403"
                    VPOS="1650"
                    WIDTH="1979"
                    HEIGHT="109">
            <Shape><Polygon POINTS="405 1722 405 1759 487 1757 488 1757 532 1740 599 1749 601 1749 768 1730 855 1756 858 1757 860 1757 861 1757 1204 1756 1234 1754 1257 1751 1258 1751 1326 1723 1421 1723 1723 1731 1725 1731 1726 1731 1745 1725 1835 1735 1837 1735 1839 1735 1874 1723 2007 1722 2048 1733 2049 1733 2051 1733 2102 1728 2143 1748 2154 1752 2155 1752 2157 1752 2380 1744 2382 1714 2380 1675 2197 1661 2196 1661 2081 1674 2007 1650 2006 1650 1956 1650 1954 1650 1953 1650 1914 1661 1834 1656 1832 1656 1750 1677 1699 1677 1644 1661 1643 1661 1641 1661 1593 1669 1541 1651 1540 1651 1417 1651 1416 1651 1278 1658 1276 1658 1218 1678 1085 1678 1027 1654 1025 1654 1024 1654 945 1674 799 1678 704 1654 702 1654 700 1654 599 1680 403 1680 405 1722"/></Shape>
	    <String CONTENT="Auquel et dona pouvrir, ce paur fain umme leir presentes"
                    HPOS="403"
                    VPOS="1650"
                    WIDTH="1979"
                    HEIGHT="109"
                    WC="0.96738351136446"></String>
          </TextLine>
          <TextLine ID="eSc_line_4a240b98"
                    TAGREFS="LT324"
                    BASELINE="271 1751 417 1760" 
                    HPOS="268"
                    VPOS="1709"
                    WIDTH="149"
                    HEIGHT="76">
            <Shape><Polygon POINTS="271 1751 268 1775 413 1785 417 1760 417 1728 401 1717 400 1717 398 1717 397 1717 368 1722 353 1725 273 1709 271 1751"/></Shape>
	    <String CONTENT="Laa"
                    HPOS="268"
                    VPOS="1709"
                    WIDTH="149"
                    HEIGHT="76"
                    WC="0.9995830059051514"></String>
          </TextLine>
          <TextLine ID="eSc_line_78975e23"
                    TAGREFS="LT324"
                    BASELINE="1647 1749 2131 1749" 
                    HPOS="1647"
                    VPOS="1714"
                    WIDTH="484"
                    HEIGHT="58">
            <Shape><Polygon POINTS="1647 1749 1647 1760 1716 1760 1718 1760 1739 1772 1741 1772 1742 1772 1795 1762 1798 1762 1802 1762 1832 1770 1834 1770 1835 1770 1864 1764 1872 1770 1872 1772 1874 1772 1876 1772 1877 1772 2131 1767 2131 1749 2131 1723 1689 1714 1688 1714 1647 1722 1647 1749"/></Shape>
	    <String CONTENT="dfraa"
                    HPOS="1647"
                    VPOS="1714"
                    WIDTH="484"
                    HEIGHT="58"
                    WC="0.9473417520523071"></String>
          </TextLine>
          <TextLine ID="eSc_line_267494c9"
                    TAGREFS="LT324"
                    BASELINE="112 1863 254 1866" 
                    HPOS="110"
                    VPOS="1785"
                    WIDTH="144"
                    HEIGHT="118">
            <Shape><Polygon POINTS="112 1863 110 1884 120 1892 122 1892 123 1892 125 1892 154 1887 176 1884 189 1894 200 1902 202 1902 204 1902 205 1903 252 1903 254 1866 254 1785 220 1785 218 1785 217 1785 215 1785 212 1788 197 1801 173 1791 163 1788 162 1788 160 1788 112 1796 112 1863"/></Shape>
	    <String CONTENT="d"
                    HPOS="110"
                    VPOS="1785"
                    WIDTH="144"
                    HEIGHT="118"
                    WC="0.9817302227020264"></String>
          </TextLine>
          <TextLine ID="eSc_line_e81ebcea"
                    TAGREFS="LT324"
                    BASELINE="401 1836 524 1828 990 1825 1372 1812 2424 1812" 
                    HPOS="400"
                    VPOS="1759"
                    WIDTH="2024"
                    HEIGHT="117">
            <Shape><Polygon POINTS="401 1836 401 1876 636 1874 638 1874 639 1874 733 1838 797 1855 799 1855 800 1855 802 1855 834 1841 887 1852 889 1852 890 1852 932 1836 1035 1844 1036 1844 1085 1834 1480 1833 1528 1850 1530 1850 1532 1850 1533 1850 1593 1834 1683 1850 1684 1850 1790 1847 1855 1862 1885 1868 1887 1868 1888 1868 1908 1862 1942 1849 1974 1860 1995 1868 1996 1868 1998 1868 1999 1868 2028 1860 2046 1855 2059 1860 2078 1866 2080 1866 2081 1866 2118 1858 2133 1857 2234 1858 2306 1858 2308 1858 2310 1858 2313 1857 2342 1844 2421 1855 2424 1812 2422 1759 2355 1759 2353 1759 2351 1759 2350 1759 2323 1772 2297 1760 2295 1760 2294 1760 2276 1760 2102 1770 2056 1765 2017 1760 2015 1760 1824 1762 1823 1762 1803 1770 1784 1776 1768 1770 1749 1762 1747 1762 1691 1762 1689 1762 1688 1762 1655 1772 1625 1781 1559 1778 1557 1778 1556 1778 1527 1788 1471 1775 1424 1765 1422 1765 1421 1765 1382 1776 1342 1789 1308 1778 1270 1765 1268 1765 1207 1765 1205 1765 1135 1781 1114 1786 1101 1783 1070 1772 1069 1772 1067 1772 1011 1785 977 1791 903 1786 877 1785 876 1785 400 1794 401 1836"/></Shape>
	    <String CONTENT="au Ereffe il a aus conttatun jou patarr le postenr dem pruale"
                    HPOS="400"
                    VPOS="1759"
                    WIDTH="2024"
                    HEIGHT="117"
                    WC="0.9352691608374236"></String>
          </TextLine>
          <TextLine ID="eSc_line_1471f574"
                    TAGREFS="LT324"
                    BASELINE="355 1876 393 1876" 
                    HPOS="355"
                    VPOS="1829"
                    WIDTH="38"
                    HEIGHT="84">
            <Shape><Polygon POINTS="355 1876 355 1913 393 1907 393 1876 392 1829 355 1834 355 1876"/></Shape>
	    <String CONTENT="1"
                    HPOS="355"
                    VPOS="1829"
                    WIDTH="38"
                    HEIGHT="84"
                    WC="0.9958273768424988"></String>
          </TextLine>
          <TextLine ID="eSc_line_455b91a9"
                    TAGREFS="LT324"
                    BASELINE="413 1936 1347 1900 1779 1900 2115 1913" 
                    HPOS="411"
                    VPOS="1844"
                    WIDTH="1704"
                    HEIGHT="111">
            <Shape><Polygon POINTS="413 1936 413 1948 514 1955 516 1955 517 1955 544 1947 575 1937 596 1944 598 1944 599 1944 601 1944 602 1944 618 1932 753 1931 784 1942 792 1945 794 1945 795 1945 892 1940 953 1937 961 1939 977 1944 979 1944 980 1944 982 1944 996 1939 1030 1923 1213 1919 1237 1929 1239 1929 1241 1929 1242 1929 1270 1916 1343 1916 1438 1929 1461 1932 1462 1932 1496 1931 1498 1931 1503 1929 1536 1911 1643 1916 1644 1916 1646 1916 1647 1916 1660 1908 1683 1921 1684 1921 1686 1921 1688 1921 1729 1911 1821 1923 1827 1923 1829 1923 1831 1923 1832 1923 1856 1910 2114 1916 2115 1913 2112 1854 1850 1868 1805 1858 1729 1844 1728 1844 1659 1846 1657 1846 1617 1863 1589 1874 1561 1865 1552 1862 1551 1862 1549 1862 1548 1862 1538 1865 1525 1870 1517 1865 1495 1854 1493 1854 1491 1854 1445 1862 1397 1852 1395 1852 1247 1860 1191 1871 1162 1879 1110 1879 1096 1874 1080 1868 1078 1868 1077 1868 1044 1874 998 1887 850 1887 834 1879 827 1876 826 1876 824 1876 823 1876 813 1879 803 1884 794 1881 768 1870 766 1870 675 1870 673 1870 591 1873 590 1873 565 1884 538 1899 490 1887 488 1887 411 1887 413 1936"/></Shape>
	    <String CONTENT="cngat. i donne pouroie el elen regenr aitt"
                    HPOS="411"
                    VPOS="1844"
                    WIDTH="1704"
                    HEIGHT="111"
                    WC="0.9934927125771841"></String>
          </TextLine>
          <TextLine ID="eSc_line_abc3bf28"
                    TAGREFS="LT324"
                    BASELINE="393 1968 413 1968" 
                    HPOS="393"
                    VPOS="1932"
                    WIDTH="20"
                    HEIGHT="76">
            <Shape><Polygon POINTS="393 1968 393 2008 413 2006 413 1968 413 1936 393 1932 393 1968"/></Shape>
	    <String CONTENT="4"
                    HPOS="393"
                    VPOS="1932"
                    WIDTH="20"
                    HEIGHT="76"
                    WC="0.9993828535079956"></String>
          </TextLine>
          <TextLine ID="eSc_line_b63b03ec"
                    TAGREFS="LT324"
                    BASELINE="398 2029 1342 1987 2430 1979" 
                    HPOS="397"
                    VPOS="1907"
                    WIDTH="2033"
                    HEIGHT="149">
            <Shape><Polygon POINTS="398 2029 400 2050 429 2043 458 2048 496 2056 498 2056 549 2046 641 2029 726 2042 739 2043 741 2043 753 2042 835 2022 1159 2003 1234 2011 1236 2011 1646 1992 1917 2003 1919 2003 1969 1997 2012 2009 2052 2021 2054 2021 2056 2021 2401 2013 2403 2013 2430 1998 2430 1979 2427 1942 2321 1932 2257 1907 2255 1907 2253 1907 2192 1908 2191 1908 2120 1942 2051 1950 2044 1950 2041 1950 1953 1924 1951 1924 1950 1924 1948 1924 1905 1936 1770 1918 1768 1918 1504 1924 1389 1947 1290 1931 1289 1931 1287 1931 1151 1969 1098 1960 1096 1960 1004 1969 961 1956 959 1956 958 1956 956 1956 922 1974 879 1977 860 1979 757 1979 739 1979 680 1966 678 1966 676 1966 643 1982 641 1984 397 1987 398 2029"/></Shape>
	    <String CONTENT="le pour leur anction d&#x27;aolis su deminlé au leun de sa denan"
                    HPOS="397"
                    VPOS="1907"
                    WIDTH="2033"
                    HEIGHT="149"
                    WC="0.9377917910026292"></String>
          </TextLine>
          <TextLine ID="eSc_line_c36e5bb1"
                    TAGREFS="LT324"
                    BASELINE="305 2053 414 2062" 
                    HPOS="300"
                    VPOS="2001"
                    WIDTH="116"
                    HEIGHT="98">
            <Shape><Polygon POINTS="403 2029 401 2022 350 2001 348 2001 347 2001 308 2003 305 2053 300 2099 411 2090 414 2062 416 2029 403 2029"/></Shape>
	    <String CONTENT="337"
                    HPOS="300"
                    VPOS="2001"
                    WIDTH="116"
                    HEIGHT="98"
                    WC="0.953725278377533"></String>
          </TextLine>
          <TextLine ID="eSc_line_a4bb597e"
                    TAGREFS="LT324"
                    BASELINE="101 2144 138 2148" 
                    HPOS="99"
                    VPOS="2072"
                    WIDTH="42"
                    HEIGHT="95">
            <Shape><Polygon POINTS="101 2144 99 2160 135 2167 138 2148 141 2079 106 2072 101 2144"/></Shape>
	    <String CONTENT="2"
                    HPOS="99"
                    VPOS="2072"
                    WIDTH="42"
                    HEIGHT="95"
                    WC="0.9993664622306824"></String>
          </TextLine>
          <TextLine ID="eSc_line_1c1dba54"
                    TAGREFS="LT324"
                    BASELINE="408 2122 1159 2082 1725 2067 2369 2074" 
                    HPOS="405"
                    VPOS="1993"
                    WIDTH="1964"
                    HEIGHT="147">
            <Shape><Polygon POINTS="408 2122 408 2140 567 2140 569 2140 573 2138 599 2125 665 2135 683 2136 684 2136 937 2130 938 2130 948 2127 1019 2099 1109 2104 1110 2104 1112 2104 1141 2096 1162 2103 1163 2103 1165 2103 1167 2103 1202 2093 1630 2083 1684 2090 1686 2090 1744 2082 1789 2096 1790 2096 1792 2096 1794 2096 1815 2087 1974 2098 2040 2101 2041 2101 2043 2101 2069 2095 2093 2088 2130 2093 2173 2098 2175 2098 2368 2085 2369 2074 2366 2021 2213 2024 2212 2024 2191 2014 2189 2014 2188 2014 2186 2014 2154 2026 2152 2027 1956 2030 1935 2030 1831 1993 1829 1993 1827 1993 1745 1995 1549 2001 1548 2001 1490 2029 1435 2037 1250 2011 1249 2011 1151 2032 1036 2014 1035 2014 917 2017 916 2017 872 2030 834 2024 832 2024 745 2034 715 2026 713 2026 712 2026 710 2026 590 2067 585 2069 405 2070 408 2122"/></Shape>
	    <String CONTENT="reccitte Vile auquel lan il cant, coubitant ponsellent"
                    HPOS="405"
                    VPOS="1993"
                    WIDTH="1964"
                    HEIGHT="147"
                    WC="0.9212755180067487"></String>
          </TextLine>
          <TextLine ID="eSc_line_0f63a2fd"
                    TAGREFS="LT324"
                    BASELINE="263 2156 282 2156" 
                    HPOS="263"
                    VPOS="2115"
                    WIDTH="19"
                    HEIGHT="79">
            <Shape><Polygon POINTS="263 2156 263 2193 281 2194 282 2156 282 2117 263 2115 263 2156"/></Shape>
	    <String CONTENT="1"
                    HPOS="263"
                    VPOS="2115"
                    WIDTH="19"
                    HEIGHT="79"
                    WC="0.9970510005950928"></String>
          </TextLine>
          <TextLine ID="eSc_line_6a42cd0b"
                    TAGREFS="LT324"
                    BASELINE="323 2154 390 2154" 
                    HPOS="323"
                    VPOS="2114"
                    WIDTH="67"
                    HEIGHT="59">
            <Shape><Polygon POINTS="323 2154 323 2170 389 2173 390 2154 390 2119 323 2114 323 2154"/></Shape>
	    <String CONTENT="dae"
                    HPOS="323"
                    VPOS="2114"
                    WIDTH="67"
                    HEIGHT="59"
                    WC="0.9994901220003763"></String>
          </TextLine>
          <TextLine ID="eSc_line_f374d4ee"
                    TAGREFS="LT324"
                    BASELINE="421 2156 437 2156" 
                    HPOS="421"
                    VPOS="2128"
                    WIDTH="16"
                    HEIGHT="34">
            <Shape><Polygon POINTS="421 2156 421 2162 437 2160 437 2156 435 2128 421 2130 421 2156"/></Shape>
	    <String CONTENT="1"
                    HPOS="421"
                    VPOS="2128"
                    WIDTH="16"
                    HEIGHT="34"
                    WC="0.9996476173400879"></String>
          </TextLine>
          <TextLine ID="eSc_line_89015498"
                    TAGREFS="LT324"
                    BASELINE="345 2180 397 2180" 
                    HPOS="345"
                    VPOS="2160"
                    WIDTH="52"
                    HEIGHT="45">
            <Shape><Polygon POINTS="345 2180 345 2205 397 2197 397 2180 397 2160 345 2160 345 2180"/></Shape>
	    <String CONTENT="20"
                    HPOS="345"
                    VPOS="2160"
                    WIDTH="52"
                    HEIGHT="45"
                    WC="0.999994695186615"></String>
          </TextLine>
          <TextLine ID="eSc_line_6e591b84"
                    TAGREFS="LT324"
                    BASELINE="1536 2173 2340 2178" 
                    HPOS="1535"
                    VPOS="2124"
                    WIDTH="805"
                    HEIGHT="81">
            <Shape><Polygon POINTS="1536 2173 1535 2189 1557 2202 1559 2202 1561 2202 1562 2202 1564 2202 1583 2188 1596 2180 1802 2180 1842 2188 1843 2188 1845 2188 1860 2181 1887 2189 1888 2189 1890 2189 1934 2181 1950 2193 1966 2204 1967 2204 1969 2204 1970 2204 2019 2196 2122 2205 2123 2205 2183 2194 2207 2191 2215 2196 2233 2204 2234 2204 2236 2204 2237 2204 2255 2196 2268 2189 2274 2196 2278 2199 2279 2199 2281 2199 2282 2199 2339 2196 2340 2178 2339 2130 2252 2130 2250 2130 2249 2130 2247 2130 2231 2140 2216 2132 2213 2130 2212 2130 2210 2130 2208 2130 2207 2130 2205 2132 2186 2143 2123 2135 2122 2135 2120 2135 2088 2146 2073 2133 2064 2125 2062 2125 2061 2125 2001 2125 1999 2125 1927 2136 1869 2144 1856 2136 1842 2128 1840 2128 1839 2128 1837 2128 1835 2128 1810 2138 1805 2140 1802 2138 1778 2124 1776 2124 1774 2124 1708 2124 1707 2124 1705 2124 1704 2124 1704 2125 1688 2140 1683 2143 1536 2143 1536 2173"/></Shape>
	    <String CONTENT="de"
                    HPOS="1535"
                    VPOS="2124"
                    WIDTH="805"
                    HEIGHT="81"
                    WC="0.9999564290046692"></String>
          </TextLine>
          <TextLine ID="eSc_line_d884543f"
                    TAGREFS="LT324"
                    BASELINE="2372 2178 2398 2178" 
                    HPOS="2372"
                    VPOS="2127"
                    WIDTH="26"
                    HEIGHT="88">
            <Shape><Polygon POINTS="2372 2178 2372 2215 2398 2212 2398 2178 2395 2127 2372 2133 2372 2178"/></Shape>
	    <String CONTENT="1"
                    HPOS="2372"
                    VPOS="2127"
                    WIDTH="26"
                    HEIGHT="88"
                    WC="0.999825656414032"></String>
          </TextLine>
          <TextLine ID="eSc_line_072ea5c7"
                    TAGREFS="LT324"
                    BASELINE="355 2223 364 2223" 
                    HPOS="355"
                    VPOS="2197"
                    WIDTH="9"
                    HEIGHT="41">
            <Shape><Polygon POINTS="355 2223 355 2238 364 2238 364 2223 364 2197 355 2197 355 2223"/></Shape>
	    <String CONTENT="4"
                    HPOS="355"
                    VPOS="2197"
                    WIDTH="9"
                    HEIGHT="41"
                    WC="0.9946276545524597"></String>
          </TextLine>
          <TextLine ID="eSc_line_4e5449ce"
                    TAGREFS="LT324"
                    BASELINE="397 2223 872 2202 1535 2209" 
                    HPOS="395"
                    VPOS="2151"
                    WIDTH="1140"
                    HEIGHT="91">
            <Shape><Polygon POINTS="427 2157 426 2156 395 2156 397 2223 397 2226 422 2241 424 2241 426 2242 583 2242 583 2241 585 2241 643 2226 670 2220 705 2226 739 2233 741 2233 742 2233 755 2226 773 2218 884 2226 885 2226 887 2226 889 2226 898 2218 958 2225 959 2225 961 2225 962 2225 962 2223 964 2223 969 2217 1146 2217 1165 2230 1171 2234 1173 2234 1175 2234 1176 2234 1533 2231 1535 2209 1533 2169 1471 2159 1469 2159 1467 2159 1466 2159 1456 2167 1453 2170 1414 2170 1411 2167 1401 2159 1401 2157 1400 2157 1398 2157 1352 2157 1350 2157 1348 2157 1331 2165 1321 2170 1266 2165 1236 2162 1234 2162 1233 2162 1231 2162 1229 2164 1221 2172 1163 2172 1154 2164 1143 2154 1141 2154 1139 2154 954 2151 953 2151 951 2151 917 2160 887 2170 877 2162 876 2162 874 2162 872 2162 871 2162 853 2172 755 2172 723 2159 710 2154 708 2154 707 2154 705 2154 704 2154 699 2159 684 2172 654 2164 652 2164 651 2164 610 2172 585 2162 583 2162 581 2162 580 2162 554 2177 519 2156 517 2156 516 2156 427 2156 427 2157"/></Shape>
	    <String CONTENT="obligeent amonssu"
                    HPOS="395"
                    VPOS="2151"
                    WIDTH="1140"
                    HEIGHT="91"
                    WC="0.9428020680651945"></String>
          </TextLine>
          <TextLine ID="eSc_line_d13b479f"
                    TAGREFS="LT324"
                    BASELINE="237 2257 308 2258" 
                    HPOS="234"
                    VPOS="2215"
                    WIDTH="74"
                    HEIGHT="106">
            <Shape><Polygon POINTS="237 2257 234 2303 305 2321 308 2258 307 2215 237 2215 237 2257"/></Shape>
	    <String CONTENT="D"
                    HPOS="234"
                    VPOS="2215"
                    WIDTH="74"
                    HEIGHT="106"
                    WC="0.9319812059402466"></String>
          </TextLine>
          <TextLine ID="eSc_line_9cc7ef13"
                    TAGREFS="LT324"
                    BASELINE="337 2260 903 2258" 
                    HPOS="335"
                    VPOS="2215"
                    WIDTH="568"
                    HEIGHT="71">
            <Shape><Polygon POINTS="461 2222 459 2222 434 2228 427 2230 424 2228 416 2222 416 2223 400 2223 397 2215 335 2226 337 2260 337 2273 352 2284 353 2284 355 2284 356 2284 409 2271 419 2270 446 2270 453 2273 471 2284 472 2284 474 2284 475 2284 477 2284 496 2275 506 2270 606 2270 623 2278 638 2284 639 2284 641 2286 686 2286 686 2284 688 2284 700 2279 726 2270 741 2281 744 2284 745 2284 747 2284 749 2286 901 2286 903 2258 900 2233 848 2233 848 2231 810 2217 808 2217 807 2217 805 2217 803 2217 787 2230 765 2223 763 2223 762 2223 760 2223 744 2231 742 2231 707 2215 705 2215 704 2215 612 2217 556 2230 544 2231 522 2230 463 2222 461 2222"/></Shape>
	    <String CONTENT="34fd5 j"
                    HPOS="335"
                    VPOS="2215"
                    WIDTH="568"
                    HEIGHT="71"
                    WC="0.9810922316142491"></String>
          </TextLine>
          <TextLine ID="eSc_line_dafea223"
                    TAGREFS="LT324"
                    BASELINE="104 2347 287 2353" 
                    HPOS="102"
                    VPOS="2305"
                    WIDTH="185"
                    HEIGHT="64">
            <Shape><Polygon POINTS="102 2365 284 2369 287 2353 286 2313 122 2313 107 2305 104 2347 102 2365"/></Shape>
	    <String CONTENT="AATE"
                    HPOS="102"
                    VPOS="2305"
                    WIDTH="185"
                    HEIGHT="64"
                    WC="0.9999924004077911"></String>
          </TextLine>
          <TextLine ID="eSc_line_f8790672"
                    TAGREFS="LT324"
                    BASELINE="382 2355 527 2353" 
                    HPOS="381"
                    VPOS="2302"
                    WIDTH="146"
                    HEIGHT="80">
            <Shape><Polygon POINTS="520 2311 464 2302 463 2302 461 2302 459 2302 434 2320 427 2324 381 2324 382 2355 382 2377 437 2382 438 2382 440 2382 442 2382 461 2368 469 2363 527 2360 527 2353 524 2326 520 2311"/></Shape>
	    <String CONTENT="18r"
                    HPOS="381"
                    VPOS="2302"
                    WIDTH="146"
                    HEIGHT="80"
                    WC="0.9980353713035583"></String>
          </TextLine>
          <TextLine ID="eSc_line_163f1535"
                    TAGREFS="LT324"
                    BASELINE="522 2329 768 2308 1260 2286 1850 2281 2419 2292" 
                    HPOS="520"
                    VPOS="2199"
                    WIDTH="1899"
                    HEIGHT="140">
            <Shape><Polygon POINTS="522 2329 522 2339 762 2329 763 2329 811 2313 880 2326 882 2326 884 2326 919 2313 993 2332 995 2332 996 2332 998 2332 1053 2313 1078 2320 1080 2320 1081 2320 1083 2320 1104 2308 1265 2307 1348 2307 1401 2321 1403 2321 1405 2321 1477 2305 1612 2310 1614 2310 1615 2310 1636 2302 1694 2313 1696 2313 1802 2311 1823 2321 1824 2321 1826 2321 1951 2302 2011 2318 2012 2318 2014 2320 2062 2320 2126 2320 2126 2318 2131 2318 2223 2300 2260 2315 2261 2315 2263 2316 2263 2315 2326 2303 2348 2315 2350 2315 2351 2315 2419 2313 2419 2292 2417 2230 2334 2199 2332 2199 2300 2199 2298 2199 2297 2199 2221 2234 2210 2239 2196 2234 2134 2217 2133 2217 2131 2217 2088 2225 2051 2207 2049 2207 2048 2207 2046 2207 2019 2215 1982 2204 1980 2204 1979 2204 1805 2205 1700 2225 1569 2209 1567 2209 1565 2209 1482 2231 1421 2217 1419 2217 1323 2226 1289 2217 1287 2217 1286 2217 1220 2228 1081 2226 1080 2226 1078 2226 980 2257 964 2250 962 2250 961 2250 901 2258 887 2262 520 2265 522 2329"/></Shape>
	    <String CONTENT="ces prssé du port tant aust eu ldde levingt et nn vendinicaie"
                    HPOS="520"
                    VPOS="2199"
                    WIDTH="1899"
                    HEIGHT="140"
                    WC="0.873844892275138"></String>
          </TextLine>
          <TextLine ID="eSc_line_e80e0d10"
                    TAGREFS="LT324"
                    BASELINE="236 2384 331 2387" 
                    HPOS="234"
                    VPOS="2358"
                    WIDTH="97"
                    HEIGHT="56">
            <Shape><Polygon POINTS="236 2384 234 2414 329 2414 331 2387 331 2358 236 2358 236 2384"/></Shape>
	    <String CONTENT="duds"
                    HPOS="234"
                    VPOS="2358"
                    WIDTH="97"
                    HEIGHT="56"
                    WC="0.9999282360076904"></String>
          </TextLine>
          <TextLine ID="eSc_line_a51af4cf"
                    TAGREFS="LT324"
                    BASELINE="620 2352 726 2347" 
                    HPOS="618"
                    VPOS="2318"
                    WIDTH="108"
                    HEIGHT="55">
            <Shape><Polygon POINTS="651 2320 635 2321 618 2321 620 2352 620 2373 726 2368 726 2347 723 2321 662 2318 651 2320"/></Shape>
	    <String CONTENT="Favn"
                    HPOS="618"
                    VPOS="2318"
                    WIDTH="108"
                    HEIGHT="55"
                    WC="0.9432022273540497"></String>
          </TextLine>
          <TextLine ID="eSc_line_1e2df42e"
                    TAGREFS="LT324"
                    BASELINE="406 2414 688 2406 834 2390 1311 2371 2387 2374" 
                    HPOS="405"
                    VPOS="2310"
                    WIDTH="1982"
                    HEIGHT="116">
            <Shape><Polygon POINTS="406 2414 406 2426 559 2424 561 2424 562 2424 596 2414 763 2421 835 2422 837 2422 858 2419 948 2400 1009 2400 1075 2414 1089 2418 1228 2419 1229 2419 1231 2419 1247 2413 1276 2397 1329 2395 1554 2395 1622 2406 1667 2413 1668 2413 1715 2405 1763 2395 1797 2403 1848 2414 1850 2416 1985 2416 1985 2414 1987 2414 2025 2398 2044 2392 2096 2392 2114 2397 2154 2411 2155 2411 2157 2411 2159 2411 2202 2395 2210 2393 2385 2393 2387 2374 2385 2348 2332 2348 2245 2310 2244 2310 2191 2310 2189 2310 2188 2310 2130 2337 2036 2310 2035 2310 2033 2310 1782 2311 1654 2313 1652 2313 1594 2337 1474 2339 1435 2328 1434 2328 1432 2328 1430 2328 1406 2337 1363 2321 1361 2321 1292 2318 1290 2318 1289 2318 1234 2340 1186 2331 1184 2331 1086 2352 1028 2340 1027 2340 1025 2340 971 2358 919 2358 850 2342 848 2342 847 2342 802 2358 744 2350 742 2350 741 2350 723 2360 405 2361 406 2414"/></Shape>
	    <String CONTENT="an ain de la Ripailiue pau se mi ll en a ledu"
                    HPOS="405"
                    VPOS="2310"
                    WIDTH="1982"
                    HEIGHT="116"
                    WC="0.9253892415099674"></String>
          </TextLine>
          <TextLine ID="eSc_line_10f47273"
                    TAGREFS="LT324"
                    BASELINE="233 2446 639 2443" 
                    HPOS="231"
                    VPOS="2406"
                    WIDTH="408"
                    HEIGHT="68">
            <Shape><Polygon POINTS="633 2408 623 2408 601 2419 432 2419 384 2414 289 2406 287 2406 286 2406 231 2421 233 2446 236 2471 244 2464 311 2467 422 2474 424 2474 426 2474 427 2474 442 2464 445 2463 458 2463 511 2467 512 2467 514 2467 527 2461 532 2459 544 2461 610 2471 612 2471 614 2471 639 2458 639 2443 633 2408 633 2408"/></Shape>
	    <String CONTENT="leo ouro"
                    HPOS="231"
                    VPOS="2406"
                    WIDTH="408"
                    HEIGHT="68"
                    WC="0.9685160219669342"></String>
          </TextLine>
          <TextLine ID="eSc_line_48dfcc89"
                    TAGREFS="LT324"
                    BASELINE="106 2490 356 2499 879 2482 1292 2480 2281 2491" 
                    HPOS="104"
                    VPOS="2418"
                    WIDTH="2177"
                    HEIGHT="117">
            <Shape><Polygon POINTS="106 2490 104 2508 155 2520 157 2520 250 2520 281 2532 282 2532 284 2532 363 2522 390 2533 392 2533 393 2533 467 2525 499 2533 501 2533 503 2535 835 2535 835 2533 837 2533 898 2508 961 2520 962 2520 964 2520 996 2509 1117 2514 1118 2514 1120 2514 1139 2506 1147 2503 1422 2503 1432 2506 1511 2530 1512 2530 1514 2530 1516 2530 1583 2504 1591 2503 1607 2504 1697 2520 1699 2520 1700 2520 1733 2511 1798 2532 1800 2532 1802 2532 1803 2532 1845 2514 1966 2517 1967 2517 2091 2504 2093 2504 2094 2504 2162 2519 2163 2519 2279 2503 2281 2491 2278 2429 2157 2443 2118 2430 2093 2421 2091 2421 1819 2421 1818 2421 1747 2434 1720 2438 1688 2435 1569 2419 1567 2419 1565 2419 1511 2437 1475 2448 1442 2437 1385 2419 1384 2419 1382 2419 1295 2427 1204 2419 1202 2419 1118 2424 1117 2424 1072 2442 1053 2450 983 2454 884 2454 858 2443 787 2418 786 2418 736 2418 734 2418 733 2418 668 2446 660 2450 618 2453 106 2453 106 2490"/></Shape>
	    <String CONTENT="ndr marate feal Jigné jar deux minmilte felon fie Laduce"
                    HPOS="104"
                    VPOS="2418"
                    WIDTH="2177"
                    HEIGHT="117"
                    WC="0.9609373020274299"></String>
          </TextLine>
          <TextLine ID="eSc_line_db92371a"
                    TAGREFS="LT324"
                    BASELINE="118 2540 154 2541" 
                    HPOS="117"
                    VPOS="2496"
                    WIDTH="37"
                    HEIGHT="73">
            <Shape><Polygon POINTS="117 2565 151 2569 154 2541 154 2504 120 2496 118 2540 117 2565"/></Shape>
	    <String CONTENT="1"
                    HPOS="117"
                    VPOS="2496"
                    WIDTH="37"
                    HEIGHT="73"
                    WC="0.9997071623802185"></String>
          </TextLine>
          <TextLine ID="eSc_line_1994501f"
                    TAGREFS="LT324"
                    BASELINE="188 2544 442 2548" 
                    HPOS="186"
                    VPOS="2512"
                    WIDTH="256"
                    HEIGHT="73">
            <Shape><Polygon POINTS="188 2544 186 2565 236 2583 237 2583 239 2585 286 2585 286 2583 287 2583 289 2583 289 2581 305 2565 307 2565 342 2580 344 2580 345 2580 440 2565 442 2548 440 2519 188 2512 188 2544"/></Shape>
	    <String CONTENT=" NO"
                    HPOS="186"
                    VPOS="2512"
                    WIDTH="256"
                    HEIGHT="73"
                    WC="0.993572453657786"></String>
          </TextLine>
          <TextLine ID="eSc_line_9dfb30c2"
                    TAGREFS="LT324"
                    BASELINE="398 2596 871 2575 1451 2573 1798 2591 2406 2606" 
                    HPOS="398"
                    VPOS="2516"
                    WIDTH="2008"
                    HEIGHT="114">
            <Shape><Polygon POINTS="430 2548 414 2548 398 2548 398 2596 398 2614 485 2609 514 2615 541 2622 543 2622 544 2622 557 2615 588 2601 628 2599 657 2612 659 2612 660 2612 662 2612 694 2599 710 2606 712 2606 713 2606 776 2596 811 2604 813 2604 815 2604 887 2596 908 2606 909 2606 911 2606 913 2606 935 2596 1122 2596 1176 2612 1178 2612 1180 2612 1181 2612 1233 2597 1459 2597 1536 2623 1544 2625 1546 2625 1589 2626 1591 2626 1636 2623 1757 2614 1786 2622 1787 2622 1789 2622 1901 2606 1943 2618 1945 2618 1946 2618 1948 2618 1980 2606 2038 2626 2040 2626 2041 2626 2043 2626 2044 2626 2046 2626 2081 2614 2115 2626 2120 2628 2122 2628 2123 2630 2405 2630 2406 2606 2405 2551 2355 2541 2353 2541 2266 2549 2265 2549 2261 2549 1996 2519 1805 2519 1803 2519 1802 2519 1753 2541 1675 2536 1673 2536 1671 2536 1652 2544 1561 2533 1559 2533 1557 2533 1527 2543 1488 2527 1487 2527 1485 2527 1483 2527 1456 2536 1360 2520 1358 2520 1356 2520 1290 2546 1176 2520 1175 2520 1118 2532 1083 2516 1081 2516 1080 2516 922 2519 921 2519 832 2544 790 2544 620 2544 548 2517 546 2517 544 2517 495 2522 493 2522 443 2544 430 2544 430 2548"/></Shape>
	    <String CONTENT="Aalaide ayant prétard ne favoir cune nn Jequr de ddfuie enterpelle"
                    HPOS="398"
                    VPOS="2516"
                    WIDTH="2008"
                    HEIGHT="114"
                    WC="0.9271133402080247"></String>
          </TextLine>
          <TextLine ID="eSc_line_2bb7d0e1"
                    TAGREFS="LT324"
                    BASELINE="200 2636 360 2639" 
                    HPOS="199"
                    VPOS="2564"
                    WIDTH="161"
                    HEIGHT="135">
            <Shape><Polygon POINTS="200 2636 199 2687 207 2695 207 2697 208 2697 210 2697 212 2699 266 2699 266 2697 268 2697 270 2697 284 2686 297 2676 339 2676 353 2687 360 2639 360 2575 303 2564 302 2564 300 2564 299 2564 299 2565 282 2580 270 2591 200 2586 200 2636"/></Shape>
	    <String CONTENT="2I ad"
                    HPOS="199"
                    VPOS="2564"
                    WIDTH="161"
                    HEIGHT="135"
                    WC="0.9884649991989136"></String>
          </TextLine>
          <TextLine ID="eSc_line_31b24359"
                    TAGREFS="LT324"
                    BASELINE="405 2638 967 2631 1162 2638" 
                    HPOS="403"
                    VPOS="2589"
                    WIDTH="759"
                    HEIGHT="102">
            <Shape><Polygon POINTS="417 2596 416 2596 416 2597 403 2607 405 2638 405 2660 451 2676 453 2676 454 2676 456 2676 458 2676 458 2675 475 2660 511 2660 512 2660 559 2689 561 2689 562 2689 564 2689 565 2689 567 2689 577 2681 610 2686 612 2686 614 2686 655 2663 688 2689 689 2689 691 2689 692 2691 718 2691 718 2689 720 2689 721 2689 762 2665 784 2676 786 2676 787 2676 789 2676 829 2660 882 2689 884 2689 885 2689 958 2687 959 2687 961 2687 961 2686 982 2667 1033 2668 1059 2684 1061 2684 1062 2684 1064 2684 1065 2684 1067 2684 1104 2657 1162 2654 1162 2638 1159 2606 1072 2606 1070 2606 1028 2589 1027 2589 940 2589 938 2589 937 2589 911 2599 885 2589 884 2589 882 2589 880 2589 844 2601 834 2593 834 2591 832 2591 831 2591 829 2591 749 2593 747 2593 710 2609 683 2609 670 2597 670 2596 668 2596 667 2596 665 2596 663 2596 662 2596 651 2604 618 2597 617 2597 467 2609 422 2596 421 2596 419 2596 417 2596"/></Shape>
	    <String CONTENT="la oatoe ln"
                    HPOS="403"
                    VPOS="2589"
                    WIDTH="759"
                    HEIGHT="102"
                    WC="0.949363497170535"></String>
          </TextLine>
          <TextLine ID="eSc_line_39b4622c"
                    TAGREFS="LT324"
                    BASELINE="1183 2639 1977 2667" 
                    HPOS="1181"
                    VPOS="2596"
                    WIDTH="796"
                    HEIGHT="112">
            <Shape><Polygon POINTS="1183 2639 1181 2659 1197 2668 1199 2668 1200 2668 1202 2668 1252 2660 1257 2660 1258 2660 1281 2676 1282 2676 1284 2676 1286 2676 1287 2676 1308 2670 1380 2681 1382 2683 1466 2683 1466 2681 1467 2681 1479 2676 1493 2668 1565 2679 1567 2679 1569 2679 1589 2671 1601 2684 1606 2687 1606 2689 1607 2689 1609 2689 1610 2689 1612 2689 1625 2686 1647 2679 1728 2691 1729 2691 1786 2683 1823 2699 1837 2705 1839 2705 1972 2708 1977 2667 1975 2617 1895 2633 1879 2615 1877 2615 1877 2614 1876 2614 1874 2614 1872 2614 1863 2615 1792 2630 1771 2630 1752 2614 1747 2609 1745 2609 1744 2609 1742 2609 1681 2614 1651 2615 1647 2612 1641 2607 1639 2607 1638 2607 1636 2607 1634 2607 1622 2612 1604 2620 1583 2612 1565 2606 1564 2606 1562 2606 1532 2612 1498 2618 1482 2610 1474 2607 1472 2607 1471 2607 1403 2610 1390 2610 1389 2610 1374 2597 1374 2596 1372 2596 1371 2596 1369 2596 1368 2596 1326 2609 1316 2612 1183 2609 1183 2639"/></Shape>
	    <String CONTENT="ainant vranbents efn"
                    HPOS="1181"
                    VPOS="2596"
                    WIDTH="796"
                    HEIGHT="112"
                    WC="0.919085006415844"></String>
          </TextLine>
          <TextLine ID="eSc_line_d74d8e68"
                    TAGREFS="LT324"
                    BASELINE="1086 2800 1188 2800" 
                    HPOS="1086"
                    VPOS="2745"
                    WIDTH="102"
                    HEIGHT="85">
            <Shape><Polygon POINTS="1086 2800 1086 2830 1188 2818 1188 2800 1188 2752 1175 2745 1173 2745 1171 2745 1170 2745 1086 2750 1086 2800"/></Shape>
	    <String CONTENT="63"
                    HPOS="1086"
                    VPOS="2745"
                    WIDTH="102"
                    HEIGHT="85"
                    WC="0.999986469745636"></String>
          </TextLine>
        </TextBlock>
        <TextBlock HPOS="51"
                   VPOS="886"
                   WIDTH="11"
                   HEIGHT="50"
                   ID="eSc_textblock_c305021b"
                   TAGREFS="BT482">
          <Shape><Polygon POINTS="56 886 62 923 51 936 51 886 56 886"/></Shape>
        </TextBlock>
        <TextBlock HPOS="57"
                   VPOS="1490"
                   WIDTH="5"
                   HEIGHT="37"
                   ID="eSc_textblock_27ad4d5c"
                   TAGREFS="BT482">
          <Shape><Polygon POINTS="62 1490 62 1527 57 1527 57 1490 62 1490"/></Shape>
        </TextBlock>
        <TextBlock HPOS="167"
                   VPOS="353"
                   WIDTH="5"
                   HEIGHT="5"
                   ID="eSc_textblock_ab465a62"
                   TAGREFS="BT482">
          <Shape><Polygon POINTS="172 353 172 358 167 358 167 353 172 353"/></Shape>
        </TextBlock>
        <TextBlock HPOS="192"
                   VPOS="212"
                   WIDTH="108"
                   HEIGHT="37"
                   ID="eSc_textblock_0f3b7411"
                   TAGREFS="BT482">
          <Shape><Polygon POINTS="249 212 300 223 262 242 205 223 204 249 192 249 192 218 249 212"/></Shape>
        </TextBlock>
        <TextBlock HPOS="250"
                   VPOS="102"
                   WIDTH="5"
                   HEIGHT="5"
                   ID="eSc_textblock_3614691e"
                   TAGREFS="BT482">
          <Shape><Polygon POINTS="255 102 255 107 250 107 250 102 255 102"/></Shape>
        </TextBlock>
        <TextBlock HPOS="0"
                   VPOS="1349"
                   WIDTH="1"
                   HEIGHT="2"
                   ID="eSc_textblock_96bea0e9"
                   TAGREFS="BT482">
          <Shape><Polygon POINTS="0 1349 1 1349 1 1351 0 1351 0 1349"/></Shape>
        </TextBlock>
        <TextBlock HPOS="2332"
                   VPOS="2827"
                   WIDTH="11"
                   HEIGHT="11"
                   ID="eSc_textblock_92ed3a96"
                   TAGREFS="BT482">
          <Shape><Polygon POINTS="2337 2827 2343 2827 2343 2838 2332 2838 2337 2827"/></Shape>
        </TextBlock>
      </PrintSpace>
    </Page>
  </Layout>
</alto>
