2479 3358
1844 52 597 91 quatter ing desluutien

858 74 405 110 Aen Testament

141 179 198 78 tulament

483 167 1947 107 Je dous la Lebisté à hocteur Negaisar indune à Se felle nommée Clacritte c

149 235 246 72 daudibrt

500 249 1922 94 de Vepux aur et la tefie Celle que sai donne à Jhplieur Sa felle amé, aqée

393 328 71 175 2

504 304 1924 123 de quatre aus et denie, Suivant la declenation que J'en ai fait, Jointé à

296 458 13 60 7

509 401 612 98 den aite de Bapturre

560 436 1866 125 J Leque a la ditte Josephine Sixarpens de teure à pordee sur l'erfancent

505 511 1912 132 depar habitations, Sesvie deux aépeus de fait sur la cioine Chompagne et

504 572 1907 129 ler quatre auteur en pomont dons la M Intagne,; Sar lequel tesrine Saur

502 649 1915 136 eatte par mes fuiteus mn pore en polenadet de Viegt pieir Sur douze, un

517 725 1892 157 poulaler de dax pieds Caries et une Caisne de mine; plas une aure tente

515 794 1928 166 plaine, un Vesnat et quitre Coitens de Sir mois, douze célus peule et au con. Sur

539 895 1002 129 tanands, Vioir fuilles dide t un Poole

619 955 1813 151 Je lai donne et Legue en aute la commée Supaonne Jqune Meyuabique et Sa

513 1022 1908 166 fille azée de quuze onc et denie nomnée Biegitte, et le namne Jmpard Noir

526 1091 1893 158 Moyatabique ayet d'unvira Vingt Cun aer auquel le jairige en petit aurage

518 1175 1862 151 Manté a la disaction de mon Epéeiteur Testamentaiten qui Vouder bien assiganer le

522 1242 1841 159 Tarsin Suivent mme dices et Sar lequel il ful bise un defuité de quatte

522 1339 782 155 aepere plantes en viver divirs.

651 1401 1742 145 Le Vonne paar auux heaitieid amiveettes mon epause et na felle alaamat e

532 1473 1301 170 fnme qui pertagansts rmu Surfrion ur Eple portiusi

636 1531 1809 170 Je Nome pour mon, Epocmttur Testame toirte Cdne Cloir Dinoldes Litient

533 1615 1919 166 des nvismr du pert Jle Ce Anteutlemend Depetée à Lesseublie Coloiiale eprant

537 1692 1906 182 que per laiselie quil dut pater à Sa fillet il Voudex bun se douner du

537 1822 1128 161 Souis pour que ma Suuioon leur parvemes

688 1869 1695 153 Telle ett une deaene Volonte Rivequant Tour Tatromente Antirere

625 2053 35 73 3

690 1964 1716 144 Sur mon Labitation de mondisest le Vingt Mevore Lan Cenquine de

1932 2050 14 54 1

552 2065 950 145 la. République Signé Audibent

571 2128 1866 144 Signé et pacaphé ivarieter audisir du prase Viibal d'eppoutiens

681 2212 1771 138 de Salles du jour quatie Ventone; Cinginene de la Ripubligue Franaice

576 2285 1516 145 are et Jndidiselle Signé. Duval Jnge de paux et touisaent

582 2346 1883 170 Contiolle au port nord Cont le y Veutoré an 5e lun dux Cent Lues

599 2440 1484 158 Segné Marchardice adjant

933 2497 1536 139 Eimegisté par moi Guffier Dutibenal avil de lle di france oussigéé

729 2576 1479 129 1 sur touqiat dudie testament amoi présenti au teffet

864 2632 1603 130 cen autoit detoir vient Ile de France, le neuf Ventose aù unquele de

892 2716 791 142 à le stépillique framaise une et nt

1732 2719 231 88 Luison

793 2779 50 97 5

1058 2803 84 66 ditt

194 2852 414 108 Contrat de mariage

978 2828 954 95 cdan aes n'alnlraqe t

713 2854 24 108 7

836 2902 86 60 30

293 2927 138 80 Catr

196 2969 371 92 J^e antoiin Mabre

690 2886 1785 136 Dux contrat de mareage reu par Guain Nolarie indetle Jsles et durand son coufree

707 2960 1768 144 Eetrier Vinniose delan unquiece de le Regablique Suaviaus, a et indviaille decement

141 3078 417 87 e Miace Juress Jolicété

707 3072 189 77 contrallé

985 3074 13 60 1

1215 3061 166 69 PEt

203 3137 379 82 Duplean Compale

668 3065 1786 147 Francente Antoise maheit Capitaierau cent regremé reginient din canteir ne

2210 3150 252 84 e marie

629 3141 1549 140 en camitte departement de la moulle Jils majour à de freis Franços Mnahu

390 3264 22 64 4

711 3236 1400 95 manche dune part li de liane àt d i sonsin

1510 3285 873 71 da uu eucell tolonie de de fait lir
