2525 2479
376 1 608 109 leguées paquat a qui

369 2 1964 185 aux deux Citoyens Benna mes enveux maternits, pourr par eux ca

1457 38 858 139 sen excepte toutefois, cequil

360 134 1017 155 jouir comme bon leur appartiendra

369 122 1978 233 meplais de légaenr en lartiele huis a mon bou ainé hercheurodre, ca fa bonne

362 231 1989 205 et digue épouse et ales enfants, Le du surplus des biens connuté an près

365 307 1993 198 de deie habitations diutes La Cotoinece et la jouissance du Surplies

369 396 1949 198 poqu'au bon de la mer, cedroit accordé et tenant audit terrem le

366 477 1968 184 tromema dans mis papiers, lequel je peux tranferer aus acqueners

365 567 2038 190 dudit bien, mais en lequant auxdits Eet Buix letont, pearge et jeutend

362 663 1983 183 quil sor pernés aux nommes francoise et Rose de faire paitre leur

367 738 1897 177 pelt troupprau dans les dittes reives et sur la pelouse, a même dy

371 848 1959 153 dtablir un pare li'elle le jugent a propot comme aussi fils venaient a

365 939 1989 136 vendre cuc terseim quils leur retervent le mime drvit duns Pacte de

2293 988 40 62 1

367 1021 1944 144 veute quils enferont. sont compis dans alegt les bâtiments qui y

369 1122 2036 120 eaistent et le vaplus desdite angt deux noirs leques ceditsus, ensille

366 1184 2035 157 la prisses à cotton et les moulens fuant auy Portes, il en sera délaré

367 1279 2075 136 douxe a foumoise ct Rote, et le semples leur appartiendra. En consiquence

369 1363 2008 136 de ces dispositions, li le ct Pierre Breux miste ancore dans VIsle aprèx

370 1443 1992 142 ma mort letout lui ma renus toutsfoir après les reotte faite, ielle

374 1538 1952 139 est Jandante du aimeniée pour queli can qu'il nériste pas aiset dle

382 1648 1987 125 pait pour fair honneur aux legt dengnes cedettur elle ive

374 1749 2014 95 à la rempler, mais Si aucoutraine largent trouvé chet mer meffesact

373 1835 2007 97 ils landraant compt teuitement duquart du pruduce an Cet Aubiy, ie

369 1937 1981 98 le surpolus leuir appartiendran, comme austi tout targent quel est

374 2035 1978 94 possible que ja poursai avoit lors de mon dicis au de la deudits legs

382 2116 1692 138 Si leit dudx n touva par lois de ma mort dunx litle

2097 2141 257 105 jerige

1210 2290 83 100 7

1212 2374 125 89 126
