2379 3508
655 1 204 69 dayn

670 1 960 151 de fran toussigné duuu une expstition

680 1 1634 213 la jputtier depaiy decelle ville, ami peentid acet effec et

674 89 1689 209 dénute rendur après mentrote faitd sur ccille du pesent enregistiene

668 167 1689 213 de oit d tord duet Dile de france le peneur Remos an Se de le

674 341 484 136 Reped fe une ct me

1207 331 234 115 Bunon

304 471 2043 215 Lon quatreme detae Negublique franmise une ce indivenble le dix aruef Venton de

343 682 1950 193 la rendemme du Canton ce port de la fatrimité, et les temoins ci aprés nommés

79 923 84 51 2

189 773 2123 193 Ee foussignés cyes aequis a transportés au leu dit Les marres du tabae ner

329 877 1993 181 Jnye prtion de terreir dhabitation appartenante au cet magnien de tere

214 1079 47 74 5

302 1011 918 142 Sabait par mathater Jorph Chastier

354 1038 1956 199 fut prsente la nommée Sonchon négune malgacte affranchie ile la nommée

356 1140 1958 165 Guavievr denausant sur lesdits lieur troumé dans uné case a la créole gissante

358 1229 1946 166 sur un lie à mêie droite an entiaht, laquelle étant atlaquée d'une paralerie

362 1323 1962 162 dans coute lapritie deson copt, maii tain dépéé memoire cu entendement

358 1405 1987 177 aini quen ont pa jeger les notairer et témoies foussignés dagéi quesltoi

374 1506 1954 164 a elle fatter cesi régoune à uelles, moir dam levice de la mort de laquelle

390 1605 1918 158 elle aaint diter tmépue, iaus avoir connaitie ser inteutions, ae despoutions

382 1705 1837 123 dedrmieres volontes nour adu ce diclau que le sujt de lemoitation par

391 1787 1927 120 elle acor faite de nons leamporter sur lesdit lieux etoin denour requeur

393 1868 1863 115 comme de faie elle nous requeren dencenoir cou testement quelle a elle

397 1950 1845 121 mêmo dicté anour notaiie feuidie qui obtaimgerant à sa demonde arecu

397 2044 1632 111 et teû li dispontions en pusnne desdit témoins anni quil stui

397 2124 1861 101 tinnemment declan la lestatrce cquavenant son décès elle scent se enlent

405 2186 1837 131 atorte fe dittes si aucunes font, soent pagées et pelevéee sur le

407 2299 1168 96 plur elau dubit qui retrenvire lui apparteur.

391 2360 1925 107 Declan la testatiie quelle a fait lécquisition de la nommée Ravoula negresse

419 2447 1583 131 malzante sa faur, du les dubois dans tintration de laffranchir

2041 2455 261 96 ce a quoi

430 2556 1851 102 elle nape parvenir jurgus ce moment quin cousequece pessistant, dans

432 2632 1847 106 les mémer fentements elle veut et entend quai cas deson décès Laditte

434 2710 1876 94 Ravoula jois le demeure affranchie de loute terxitude généralement queliu que

442 2786 1794 102 lustiteant emonsquence pour sa Régataire umoisselle afin dénêtre port

446 2864 1792 108 achaige àla Coloné pour par elle puir fair ci dispour dubien que

452 2958 1800 93 pouria lui imcomber en ladette qualité intonte papicété laissant auf

446 3034 1788 125 foiis de son racmrur testamentane n apils nommé de faie toutes

471 3124 1867 136 dilqunee masaier pirs oltouir la confirmation dsditte dugoittion

466 3217 1250 156 enfe con fornant à cequi est paserie par le loi

1255 3369 80 113 40
