2633 2479
1938 1 375 65 Gratrevingtême

454 33 2071 133 nour la lite fon adjager alacare decette meme qunsdiction suimant

447 119 2061 157 procur aerbaiex de lexhuin Nepembre deux selle et teent Decembre

456 201 2086 177 mil sept cent quatre dangl neuf sur lapoussente din rdeent volonteir

457 356 749 152 que enfisait fcre uis

1252 291 1279 188 Chartang au pafit duques se fan sedéclantie

461 447 1035 154 u teis alld au delfe du du Jage

1581 477 70 106 3

443 484 2075 233 Juant aux qulavee ledie Donnleur en prapuetane de lant pumits

465 597 2038 216 non Denommes jour les avoir acquiss par soussiingmrine du ntigl siy

472 687 2061 216 siledn delannée demare de lapotaire et Begat regoiants cleutte Jlle

494 815 1992 179 leque le soussancy pous pertant quettance du pe pilemenere après

493 897 2015 224 crefuati pualable ne vanclur anuit sa prenvère mimelte eles

523 1099 302 108 treeuter

509 1001 2044 271 Deaant au quatieeme enlaie nommé una motambigue ledit dourla

509 1269 308 104 en remettin

861 1122 1689 219 letette de popreité aux donatares a leu requiition

522 1333 370 140 Cette donation

903 1200 1614 232 ent frite en tonte payeuté audu fuderi ce amptes

520 1458 451 105 pour ler acmnn l

1023 1313 1545 195 et du alacharge par lui de tour diants affeits au

989 1497 140 35 B

2400 1451 155 81 lem

519 1450 1853 226 qu poursont tetre ceux ditte popeertes en outre e la charge par lui

531 1524 1984 226 Tamer la prissance pleine et entare a laditte Odelaide la mire savre

519 1649 2065 213 durant laquelle sersileur pendant a teme dle festatien et noumsilarr de son

523 1729 2060 239 fels ce de lai fanc appeudit un état savant ser moyensece en cai de

417 1835 2130 222 coc mort dudu fednt avant La dittes miv, veut se sutur ledit

352 1917 2212 224 l don leuui que laditte prepuite sir rerne a la jouissance qu'en arra

283 2119 229 91 LLate

541 1988 2017 258 sadiur ver laquelle mair fralement en ce detnies can endiviendia

1234 2098 1352 166 tranmportant ledu donateur tout droils de

628 2204 588 140 queleur mometu

505 2359 274 115 a propoul

833 2176 1743 243 et aular qul a u pouvire patendre sar ledie testim

1140 2260 1484 213 er dessaisissant en favoar du donaleuis debi

2001 2378 618 99 jant rause voulant
