2850 2479
2019 1 592 94 quater ingt hentieme

407 60 2248 106 l fedenour velante ser cepossi enbant a la ripuite de la testatiice

2702 110 11 37 1

33 133 236 90 Aabde

334 152 258 65 AN10479

672 147 153 84 34

378 145 2272 142 aeute de sonde, pert le cn dent la defranie, le Vidi de la securile

79 265 156 79 ddas

384 223 2282 165 décade de funmt de l'utéégerelle Repulliqnee faner une et indeembl

56 393 37 83 8

382 325 2260 157 avent la milll du jour ct les temains ont igné ade l Nolaiie notle

395 385 2259 207 tetestaluntt qi adeclain msssir cerme itigen den cuyésr annisegné

358 476 2277 202 Deliaus teihet ae Nalie, avec parape en maige ent cru controli port

354 718 20 83 4

400 555 2268 213 du MO. dle le franne le punitier mvo au lt reçi éoux centt levies sngne

395 652 2274 194 tervir. Collationné par les Nolaiie publiir asle de France sussignés

402 723 2071 234 Juale bresd aégines agns reprieplé en pucten M sgné Dalus

95 929 194 95 A2ro

378 907 40 134 6.

829 835 1840 193 Enregistré puer luddEticnne hiaicuthe huson, Gaffeur dubobn

367 1063 309 84 37a

753 915 1913 206 àauvel soussigné monsageditinr dudu Eestement mii peente

865 1002 1786 197 aul effet ce demitt render apar manter fait lur ccelle du

2158 1125 36 31 2

84 1176 71 80 22

172 1163 142 121 19

360 1169 166 80 3

866 1152 539 123 paeut amegistement

1832 1125 827 126 le parler leura au

166 1188 1637 198 Viodae au soit ende vent llede fane

2137 1231 346 114 Buison

891 1249 1165 192 coneratt ala la Vegne legés pr ua

104 1392 141 80 3594

325 1367 367 106 e3It

727 1374 19 59 1

180 1483 419 99 sepoot do7

67 1530 360 96 Affranchemment

289 1440 2346 245 M13 Le duvant les Notaiien pablius, a l'sle de fanes soussignes fus qurent le

64 1539 2535 261 Megllame An Josph Costempis lant labitant demeital au canton des

60 1622 2591 275 Restant Negis San semonssen fandé dle parsone du cet heuri Sesae Dupoitss ec de la

1387 1742 1305 155 Desfoiq Parny son epauss de lai anttine

983 1812 360 127 le Jemvanc

68 1863 887 131 dies Playeeme maie na

286 1838 2299 258 su lepounation pasoir devant ; suffrag lun au natain facusiges

913 2042 102 99 1n

1064 1934 1554 175 lou canfiare lequala Vindemiant de sur conteollé

356 2067 510 148 4 qu en a ull

1274 2071 323 125 Leqnel alie

1688 2031 981 125 eu ses ccmnur dons leve

126 2148 1064 150 cat e mar vilu lame.

132 2295 165 79 Rauin

884 2127 1771 193 nommine Magdelana estitr lete deux augrese

1588 2222 1076 128 qor berme clonile detn

349 2262 517 137 roc Voffranchit e

1146 2288 362 115 pastuent

212 2401 241 76 Lolocise

511 2371 125 106 d

732 2393 36 73 1

840 2334 250 121 1 leair

1771 2302 826 141 d tuent auce saclnne

1243 2367 401 110 ion mile

2431 2377 188 100 Viéler
