2750 2479
2032 16 549 65 toinaute trois ie me

458 68 2074 117 ainsi quel est apparce auxdite notaires et temoins ; Duns la vul

460 150 2059 143 de la mort cracquant d'en être puvenu lavant davoir mis ordre

456 264 2084 150 a ser affaire afasi date et nommé le present son testament et

462 364 2172 196 ddonnance, de denierus volontes qu'il veut et enteur etre executéer

2236 494 63 81 3

475 486 1609 198 apèé sa mort Sa maniere et ainsi quil jeeit.

433 567 2170 237 Veut et entaud le testateur qu'ansitit son décès la nommée

435 688 2225 251 Dontté négreste Bengalle et tonfils anomme, lauvel negresse

473 935 447 141 dmalqn

1005 835 1571 159 et le nommé tant touse nor malgache nne

1073 977 111 47 dea

440 1059 465 139 Pealaves torne

1005 943 1578 197 affranchis de toute servitude, et pour que la

1375 1121 46 56 4

1629 1103 78 53 3

473 1079 2088 247 dette Rosile ce son pls ne foiens point a chargé a la Colonie

1766 1224 122 66 34

2088 1195 181 65 2

476 1240 2150 218 le testateur leur donne et leque le nommé samedé nons

1475 1367 19 48 1

486 1363 2148 238 maquche et le nommes fancois noir indun pour par eux

2382 1516 159 84 354

491 1603 941 158 eupieuu en toute propreute

1449 1625 30 125 1

513 1744 546 130 Donne et leigue

1103 1618 1500 219 auxequatie affranchit ce dessies la propriété

472 1888 473 139 d'ime maison

1128 1853 106 130 454

1290 1751 1367 172 grande revure batie ser un terrent.

1565 1934 35 60 4

494 2017 547 120 non connde

1242 1933 1355 181 de tes biens en cette osle. delestatent

380 2151 22 100 1

428 2166 43 87 4

490 2076 707 164 Et quant au turplier

478 2235 387 133 les donne

974 2072 1690 229 ligue au Citoyenn Louis Jarry Pilote de ceport

1854 2159 164 88 8

1470 2206 1234 175 à calut au celle des affronchis cedetme

586 2364 576 113 aur me repusslis

1211 2260 166 134 10 la

1722 2357 44 62 3

1778 2323 859 147 vans quil fot teme dé
