2542 2479
360 1 687 92 jequnent re entendement, aini que

356 1 1666 187 daprés quitions alai fitie t au repousés a calle nour adit le ct

344 38 1653 220 qa bessapé dilinvitition par lui anes faite denons tramporter près de lui

354 132 1689 199 ausie pour molf de prévoie la mort en mettant ordre à re affaices pau

355 192 1656 217 fone de lestament a odonnance le dernaris et libur volontes quil

355 289 1693 195 valui meme drcter et nommer aux tairi ee temoins dnommés, lesquel

362 366 1685 198 aeteapérant a laditte aquisitivn les ont uu et treuires ainsi qu'il ii

367 471 1676 184 Pred ansent declace ledie Etienne Maure quil est marié legitiimement

370 541 1649 209 aire la Citoyene Maie marquantte Dubont au parivant reuue ele

369 640 1656 191 fra Francois Josph Lavier Rideser tanx qu'il cante auu contrat

376 720 1649 175 des condittanx dicilié, autre que de la célibration faite a Nemeuru

378 812 1651 158 pèi Louent, queu consequence il veut et entand quavenant son

378 881 1592 157 dies touter tee dittes tocent exaitement payées et pretivies seur

378 947 1621 149 les biens qui se tronveront composer la Communanté qui est entre

373 1030 1660 144 cay aux aemes de la Contenne de Paris tous ladominatioon de laquelle

1507 1110 200 52 d

380 1138 1204 108 il atruvent comme hubitans cette Clance.

381 1176 1711 132 Déclare lesestatur que lui et son épouse ayant près en amitié le noinmée

392 1260 1626 122 marie Françoise Chartotte enfont natent de la nommée Jance néguise

369 1323 1656 129 Aite libre, et layant en leur puissance de puis son bai age ; ayernt

387 1411 1583 102 acor delui ête cetite, i veut et entrend quervenant son décès, il toits

391 1491 1616 113 prilois ane quantité de mille piastrer effectenee despagné aular equioclent

389 1564 1589 109 ea la monnie qui auncont aloix la e Clous sur les biend qui se

399 1647 1562 108 trouvmont ai apprvreur enfaveur delade maie françoise Charlatte

398 1736 1632 95 alaquelle il enfait don t legt pour par ele en joir faire et dupossce

409 1822 1620 82 entontt pepeitt à comptit nmommancs de lépoyur au elle attende

406 1885 1638 107 laze de majoité auquelle sera pouroice par mariage, jusqui laquelle

410 1963 1615 101 dentend que lesditt densur demeurant en le possassion de ladette marie

413 2052 1661 100 margeantt Dabont son epouse a laquelle s impose la condition

420 2153 1650 96 denfaire leglaament le plui Sur que fire se pourra, de marnen acagné

422 2239 1654 100 livtent a en provenir son employe ann antrutien ei deccstion

1093 2366 94 75 122
