3225 2479
670 24 225 82 2 47

1228 31 186 73 resibo

759 97 2176 120 Coloud t endate desa p ton osotper pruntr cladite

2286 64 42 68 4

731 180 2163 149 Maget la et pur enpdit auttatt pajoinse le nuné filvann noir emale

1814 163 370 57 2 Le. 12

738 258 2200 173 agt dequeie aus appartenant a les committens lequel; noine la dette

738 348 25 59 4

754 375 2082 145 Magdelame deneurants émêtte Ville ai presiati deulee avoir en Ja

1037 436 89 70 2

657 483 29 78 1

706 476 2265 153 poseaior, ce a la ditte Restue aussi deneurante mmd vile en pesent

734 546 2247 194 la fomme de vingt rnq nille livres que le cit Iaint lui a actuallement

1144 542 127 50 31

688 654 2271 169 Calaue des notaire payé rénies et delivie ainis quelle lerevirnais dont

712 749 2212 187 ill et contente pour de la dette Soinme de vingt cing mille levies

741 858 728 106 jouir par la ditid Nestilue

705 904 38 76 4

1474 892 1434 156 entonte prapriêté au moyn des prennles

727 958 2241 200 du tetonn Mainnt esdits not donne cuni parensent et sanpleens

608 984 140 112 2

698 1068 2228 203 drocablimeme i cmt aus dllis estite e Magdelame ce amplant

621 1119 88 108 40

730 1156 2212 201 pour êle pertagés entrede per egale portion ci per chacane delle jouis

1019 1127 65 60 304

613 1267 2333 187 entont propieté de la portion qui lui echoirs favair tout le lizent

1341 1256 219 59 81n

688 1334 2251 225 qui le touvere cinder lestrain auts danse apeus inquar de tesie un

540 1393 53 90 20

709 1439 2254 227 aux plancer de Milli vindur par sec commettans au ces déliever lp

2742 1429 207 74 dGOI

720 1538 2250 231 audent et feué dens la profondu dudu terrein ei bomé pr lee

709 1620 1252 173 Edoyeune Bity ce le Rivier du rempert

709 1724 2291 228 Aloption desemettre dex Cprus enquart detene qui ont its peesennir pavcs

1888 1742 1080 110 et attende que le des leluvinde

708 1816 2259 226 lede exedenton denm lecar auledu Létavre con fommmarinn ledittie aption

336 1886 66 58 30

710 1895 2265 253 ledu Maint audie not donne aux dettes magdeteunr ce Aistitiie la

338 2063 153 101 35

698 2001 479 130 la méme manièr

1179 2045 1802 220 que dener, lesdits d'yapeur pour dt unquart pour.

709 2115 368 113 did partagr

1084 2123 1171 189 entulles par égalé portion ce chaene

698 2224 933 117 pore qui leui cetmn enten

710 2312 1364 161 ntendu que dans tous les can le ce Maans

1680 2295 205 84 repu

2009 2288 144 49 d

2217 2258 747 94 delle joiur de la

1943 2316 1058 118 le compter. dece pour e luu

482 2377 18 53 4

713 2389 66 88 et

789 2418 143 59 Fain
