2479 2883
384 3 2016 121 le testateur leur donne et legue le nommé damedé noue

1583 8 62 30 3

1134 83 224 59 1

394 121 2016 136 msgache et le nommé François noir indun pour par lux

408 269 873 102 eupoer en toute propreité.

1336 213 90 121 1

2166 280 155 72 12

424 377 1947 140 donne et ligue aua quatre affranchit ce dessies la propriété

416 493 1981 125 dime maison vile àa grande revière batie ner un terrent.

435 624 755 112 non conedé.

1373 602 186 83 31

1608 586 236 78 d

427 664 1922 144 E quant au terplcs de les bens en cette Jsle ; Le lestatenr

434 791 1972 157 les donne ce ligue au Citoyenn Louis sarry Pilote de ceport

435 900 1999 158 pour être repastis par lui sa calui ou celle des affranchis cedemer

434 1018 1936 157 dont il se trouvera leptus dales fait vans quil fot teme de

1982 1127 162 82 111

2190 1108 194 70 1

451 1159 1473 135 rendre aucuun compte de limploé quil enfua

1995 1175 307 91 10

474 1246 1947 168 et pour excmitee le present testement, le testaleur a choisé et

1161 1230 359 96 d

467 1356 1909 152 nommé la pestanne du Cit Louis jarry Pilote entre les

2004 1433 100 61 34

485 1475 1918 163 mains duquel, i le desseisit detour bes biens luivant la

493 1609 997 132 contume.

1608 1596 82 61 14

1781 1569 500 95 d

280 1668 2099 186 Mit Cefur ainsi fait dicté et nommé par ledit testateur à Pierre

286 1760 2111 184 1 yves Batie notaire pullie demeurant en cette ville rice de

488 1859 1947 175 Thopitet. an Ci Augustin prinson demeurant en cellé ville rue

491 1962 1901 160 de Touraine. cn au Cit Jan Baudon voilier demeumant

522 2075 1913 157 en alle ville pus ler Caternes temoins pour a reques et

690 2229 51 85 4

1023 2184 271 67 3223

1509 2165 370 59 2LPr

532 2258 179 85 expris

567 2332 98 52 104

725 2197 1662 157 appelles, au presence Sesquetr. le present testament

522 2291 1913 159 ayant ité lu n relu un mat après lautre au testateur il a

536 2407 1896 149 décaé y pssistee et ête les denieres volontes. fait et passe

1006 2495 266 70 t 7e

551 2508 1894 168 en brevet àe requisition du teatateur, par du nord vient J le

1251 2751 67 88 2
