2479 2708
2138 1 55 35 84

425 12 2031 114 autostateur eu celte Colonie au jour de son décès il dleclare que sun

436 103 1966 124 itantion est quils soient envayes desnute at par les soims dle san

438 195 2027 110 eamuttde testamantaiie ci après nommé audu det Gabicel mance

436 273 2012 149 Joupere auquel il enfait don et legt pour par lu en janie fure

441 401 1923 119 et dupoterr en toute qe pieté enquai dle puessent consister

431 493 902 125 fain eomptront niuteroes.

450 573 1986 140 quant auy biens qui peuvent appartrine audu Ctienne eaure

447 673 1937 146 sin en Erope Son par ledces de la ditte Marqueritte quirancle q

456 777 1893 130 merr, ou autrement en quai ila puissent consisteer il veut ee enteur

460 881 1787 132 quels passent au pouvoir ele ne heritiers dients dans lordre des

459 1006 338 62 Suurimionr

459 1004 1943 149 Declasant ledie Eime Manre revoquer comme defali il revagne

462 1093 1956 152 par le present tous testaments ge dis positions autérioures à iclai auqael

471 1191 1994 137 su l'il farite comme étant su volontés demiere pour léxécution dequelles

483 1275 1983 131 duomme et mititire le cet autede Besonerr montele Cepetaine d'astelée

478 1358 1946 143 ditactré au Port de la fratamité dane requel d établée sa confiance pleine

486 1471 1944 123 dentere lepriant de four acsptation pour lui donnee ledemer

481 1569 1961 129 temorgnage deson estune se dessaisissant en contequence entes mains

492 1662 1920 116 detous les bans confonnement a la foistenne et aux reglements peour

498 1743 1955 148 par lai audit can de son décès enfaine lariiise se un ploi cn devant

495 1885 307 90 ediques.

495 1904 1941 158 Cefut ainsi fair deitt et nommé par ledie Etienne manie aux Notaine

504 2008 1934 143 et temoins sosssignés et par ceclui Notaire le ce relu un mot après

511 2104 1933 131 lantre caudit testaleur qui adrt e declaré bien entendre en compaudie

516 2184 1923 140 le conteur au present son letament dans lequs l jusiste comme

523 2291 1861 167 cenfermant entant pout fer neotontes aux quelle d ur veut

1231 2524 104 102 23
