2479 2908
434 42 1927 116 Jelegue au lit Lubis que jai affranché la somme de trente mille livres

439 126 1925 129 pepier monnoie laquetle somme sera par sur le loyuer de mes noirs

437 227 1953 139 Jedonne lalibiité au nommé fancçois molgacte que ji fan esattre sur

1052 198 134 81 An

436 324 1970 110 Rapentte, il ya trente reng aut quel est a noi seuvie, bon chaigentrer a

384 397 2030 111 don siept, ou lui laimeur tour ses ontiles ce i lu seca payé la fomme de

437 470 894 90 dex mille lever paper monnoir

433 560 1986 112 Comme on synae si le dieut Soura lui p par le cet Delin de contenerr

1095 534 247 76 Art 7ᵃ

444 657 1983 86 olanee mes nour cavr il tierane unregtre conen en parchemen

449 717 1970 110 oû ils font tour cents ce aquiil sont touis comme Jaluau en alone aflen

447 809 1980 84 ce quil aloncté laryent it vous rendix comepte l la paux vment que lon

455 893 1951 77 etabline une monnoie stable, veus les vendres, man je vour que de eonner

452 959 1930 95 lapréseeur a Arnoux qui e a dix de pui plun de cinq aus ce de les

447 1046 1380 75 lei dannér à milleur marche yféa tour les autier

1089 1101 171 91 art 8

449 1163 1937 140 Tour leu lep pais lemontant de ce que je dor solid, iil rest des fonds

455 1297 1978 79 mon exeucteue lestamentaine les partagen en ung dont charene un cunquant

439 1381 1981 105 aux deux Demoiselles Lonquélat, un alubié que jai affranchi un cleonore

449 1473 1979 123 tromet, ae lantie à Marie Joseph ae ssa meu nommée Françoiss halat

449 1570 603 90 Aux quatie cont.

1047 1617 294 80 Art 9

1239 1589 179 62 qmet

447 1717 1959 103 Jrcnomme t les helou notaiir mon Cecateur tamentaire i néa donné toupurs

450 1799 1980 107 des poures damitié, ppouse qu'l vondu bienléxepter le le pur de vontoir leuu

460 1875 1947 115 aeplis en momaire al noi iion benau del rd, leffitie bureacu de Chiir

457 1985 1976 103 deus lequel d fera matred aqui lui mangne, donse conants dargent, quatre

447 2066 1947 115 catton aragont, ant polagere ay puetot a caffé, un porte huillere

454 2156 1982 130 des folieur garnar en argent autre plitet cedleu ce decux pliter fonchelle

460 2256 1978 126 une bourte de cil mar, deny paiurr de bontant dur ce ma chane de

452 2352 1984 137 nontr en au, une palité peadate de bernae qui ent chers Pesade depuis

454 2470 1989 119 dluy au et matibatiener gana en a. audort n. C. Jledle Ftance

433 2562 2000 169 ce qunr Rassaine las mn de le Republque froicianc ma cendd

470 2694 446 120 Signé Nioe.
