2479 3150
315 1 366 44 Sasquaf

1321 1 32 70 4

299 10 774 109 Crémtrie Potttamentaire.

507 28 1849 168 En Consiquence Le d Cestament Origine Cet denmemé foris à de

330 99 2017 181 premiae micente dos prétteutas, ngori avoir dté det astaiies feubenent Signé

2144 171 12 63 1

313 166 1605 191 paraphé Attendu que la dite Comparente ne Sout Cdre.

561 234 1823 152 Dons Cicte, faivit pupi En double Noines au Pontobond onst ve

318 302 2082 151 de france Ca MEtde lelOuge pluviol au Dinq de la Rspullique freruenmien

316 374 2091 161 mabudivisible l a diclaié ne sasbir Cane ne Signes de ce Cnquise Suidant

316 451 2047 154 L. Bndonnanc Drisi qu'il Oi dit defie de la minut dit pressuts

320 511 2073 173 bar de la quelle Se Vait Controlé Au port d. Ople de Fruna le l plevion

327 595 1173 152 C deuu Centt Livres Signé Savier.

815 642 1221 152 ent la Geeiur du de Pelstament.

1825 740 53 58 1

435 747 1961 156 Poudevant Nous Louis Loinsy Ducond Notarie publie à Jpre de Fronc

334 824 2043 150 Pousignés a lus Témoins Cy agrès donnné l'y fur poretteure La nomm

278 903 2104 147 aii Louise Role femme de Couteur Affenuchie du Citoyne defenne

309 976 2078 151 douemont au Camp les Quit Libres au pied de le Gronde nontaqne

309 1057 2064 134 des Siquuanx, troutée gor nont dans une maison Cie Chenpeente yai la dite

311 1114 2075 158 eontaqne ; Cete maison à ells donnée lon de Sai Aeffranchifenant, Eie

306 1205 2092 142 Malade de Carpl, tout fon loir d'Apit Aemoiie a Entendement ainsi

315 1277 1631 149 qu'il vont d appar par ses disionns le Catratreu.

495 1340 1927 145 Daquelle dans La Vüe de la mont a fait le nous a dicte son testament

1271 1436 465 69 casri al ni

308 1464 548 109 Ainsi qu'il freit.

526 1485 1863 156 Le donne le Légne a M Defenne mon ienfaideur La d'égresse augulique

313 1624 457 119 Aalquete.

519 1618 1858 161 Quant An furplul le doinnie Ce légue a Marqunte arsule fenme

304 1699 2054 168 de Couleur Aibr Teurante avec moi que Jndhine Ma Régatrie

308 1844 350 77 uni vaselle

686 1823 1712 131 L Noume Marie Fancoise pouline Poitivice fammine de Centar

332 1891 2078 160 Eitr Drécatrice de mon estament La priant d n pundre la puit

591 1967 1810 169 L uür qartient n fenne Cécol nommé frie ois Danard que

309 2047 2117 179 Jrcevite Marqusitte ersulé anendre Libre c le Dotor Lousqu'el aca

1295 2157 100 90 24

269 2175 629 119 desteent Viingt Ant

1479 2171 159 60 e

378 2199 2055 154 Cafur Cimisi fait ce diité a nout Notaire sonfipéé ces la Chambe

295 2261 2122 166 Cy devant dédignés Ce queten du C^e Jseph Phaais Jateramt Quvaledt

302 2336 2117 173 E Ailexandre furit Cocondaitre a bfif du Comme, é tans Ce jour à lau

288 2401 2143 166 four deux temous requie le appellés le quatre qluviol au Diey de la Republiqne

308 2471 2102 166 Vus las quatre toue de Reuvce ; La Desttrial Le de Chauir ont selaie

309 2546 2108 161 ne savoir Denie ey Sigues a lequed du C^t funt sla Sinné avec nont

309 2605 2068 172 notaire apèe toute fis que Le qresent Bisstament l'até leu se relu à la

325 2667 2078 185 De satice qui a dit le bien Enteudre a y poersivier Siné alaxandet fréat

308 2756 2029 171 Ee Duraude totaie avec po plre, en marge et teit salié les de
