2908 2479
563 53 2106 109 de Cinquae. de la republique frannaite une l Jndivis eble Signe rion fantre

1093 140 856 88 snvalasonde Rne

552 203 2098 120 Connamant par cet mott Jnstntio anuy Pauteur testamentair

571 302 2105 107 d fuivant Par aux iy je lafrouse du a présies fort nordonest Jle de Franc

548 402 2114 95 Le vingt cinq Brinabire lau d^ de Pariputque func a Ju de vesible Signé ree

442 411 69 83 5

2086 471 68 66 37

542 483 2140 128 disquelles deis Puird aons avois ordonnée le depoe en heotr, guffé pour recter au

526 593 1446 99 rq de miiutes rey avoir evuts a tesoin iedomue

1825 662 96 56 A4a

502 655 2195 142 Pei tout nus doneur volontes, Jenier beptiré à la feche agé de touante troir au, Jils de

1460 749 204 49 LI VI

515 739 2184 134 Cende Rien et de maiir maitte Vulet uus pori ct mere defients assiué mnt Clome au may

528 829 2046 124 17 tar le vaneau le due de Bourpgné depadiment de la saitsde detaut de la Peche.

754 900 86 50 314

956 911 341 70 32art

500 919 2209 151 Pout touent, dans un caiton dibois les papieur que conment lar affarer de Vein de oüent

520 1003 2177 153 nois laprès quainde partié out ill reis prolé puiancer de lainer  au fe Nadelle par le cu

520 1085 2168 162 proecatlion paié chus hilis dont d'na renus un reu detand les papaoir jodosurente

2212 1133 25 55 8

509 1154 2192 195 compt aqui dedroie re il au mongné, et fout Vadremr à Groizits, homme de loi qu en atue

2081 1220 183 60 sibniten

512 1243 2200 194 dange. Vour quonet en san caud de Bouley dele de dittuet de la frede de partement

519 1320 249 102 de la Javte

808 1355 553 106 resb aase art qu

1895 1399 124 69 11439

2183 1437 154 62 AIIE

498 1411 2189 159 Je Suie dangé de la tutelle de Naptise thomes Peut pai sained qui na donné toui ne

524 1503 2170 166 bans mavie derante des meubles enlains et nimables dontiyai fait faris, inventaire nayant

523 1561 2186 172 run vnde, son tetrur ecloiera à ma mort ceque lui revent cy leprès den rian aendre, ces

516 1625 2210 181 effete lui repreentant coupress une reatité, comme pronnais le et foitie l'i vanlau

519 1707 2165 188 me andre e fanir dacmpler atte tutelld d'vrcndit demenner Dous témaison, a e

522 1793 2179 176 vue de ne veu vende; il joune dévinlauie ie des pruvesins que sai faii porter sur

513 1857 883 126 linventaire ce lus remett la mêmé

1423 1922 584 120 quantite Cla ansprelr

506 1950 2203 208 tanis dont que qu le regande seul coe auto da teuine ce illant quiles

2091 1977 604 87 ellai jia anni dnn

516 2025 530 105 aflaiq dont se touts

1068 2060 828 138 ee a le moitie ce lui lacutin

517 2120 766 127 elle ma mudu compte du polleu

1903 2134 790 117 moitie, fatante y demeur

1535 2156 100 65 ARᵃ

859 2199 101 34 AI32

1314 2176 476 103 perqara prémuee

1052 2232 116 36 mna

519 2210 496 88 dent ples ai denn

2563 2220 112 82 ele

1836 2211 642 142 May pachair rauf

1052 2240 267 80 quetlane

1349 2288 264 76 s mctie

1662 2262 424 166 ales demandeur

1108 2304 241 102 At Dat

504 2339 1015 138 Lemplacement qal isi aézur de tonnelle

2858 713 11 69 1
