3042 2479
1171 35 534 101 Susti de lart. 9

564 132 2416 151 se nommes le cet Belie Notaiid mon lComme pronnais le set foitue ce qu

551 241 2430 143 jai de la confime enlui, plepur de se chargue alalatutte. de Jean Baptiute thoma

566 367 2407 97 drvendes Demeuree dens le maisoin, lui conservera se meublis et enlaver comme sal

557 476 2434 112 Vaie, au lai uauttre les papiere qui requrdent latidette ct lenarutaiie que sai fei

559 575 2426 120 sann apas la moit de sa mure, ou plui ai donne dequoi commencée son minage

564 673 2345 139 en meyonté fustont enpitit porenerr dont le ct fosi pourra fane resage

570 780 2441 138 mattendant quel les lui remate, Jlepir danoin des egaide pour latante nomme

553 881 2418 156 Jerma Vove Thoman qui aunq enfaur ayant enterreni a flacq apartagee entu

553 970 1750 124 Bapteste thaimat ce fatante avec une fancille ele nour

559 1075 2426 165 pe il enont chacun la moite tanue prechaine, il paurra lui dee

2326 1027 669 124 qui pavieur deleur

560 1173 2342 145 unett il demenon aec lui se de la irai travaillee, enfui jlauve

560 1271 1450 131 letort afa padence, men rapportant a sa probité

560 1367 2421 143 a 1J Baumaire au leng de la Repubelique fde undet rnde tgné lou

2050 1312 947 112 au Poit n1. C. Isle de France

568 1519 2403 169 Jpa mon exiteur restamentant desce point louce mas nairs au Poit

1249 1480 335 96 Art Me

555 1632 2378 163 de deviendiaun manvais fajits, il font plictot techer la mains, se les

559 1722 2376 178 donner a meilteur marcte et Jur les Loper de mer nois, je leprie dedonnent

555 1828 2398 175 au lt foittie La somme de toi mille livres papice monnaie pours payee

564 1948 2400 167 laprunon de Bapteste Thomat ce son mattte decse, ci filer demet

555 2065 2340 175 augmentent ce quevour ongmentes tesloyers denes noits nan

552 2187 1134 122 angmentent Sequorlent fapennon

555 2353 1015 124 Ja declare etn charge de la Juice

1228 2297 363 102 Art M^e

1621 2350 25 40 2

2844 2359 45 62 81

2876 2412 59 65 122
