2479 2900
1703 1 439 39 soixiiie Vaamt

99 69 50 66 14

383 12 1830 171 It ne distatissent deut ses mains detous mes bieur suivant la

390 124 1829 138 Aat Laii an lü diité et nonmé par ladette marie

2401 203 16 88 1

288 193 1934 180 sut Revle Matin u Doüsne Notaire son confiere present, et

162 441 13 47 1

394 277 1954 174 lestion a elle fait ue mat cprès lautre et adix foie differentés

398 377 1963 177 dadit pusent lestament, elle de déclaié bien Eeatendu qu'il contoee

396 464 1960 174 la ledu puré et dessie ae laté quelle inteud être Eoécutée apès

402 562 1859 179 sn dé outent son coutme et dans la quelle elle persiste

107 750 191 144 R3ᵃ

435 778 92 87 14

538 642 1837 186 et pssé aù Cont de la montagne Jsle de France en donbleciremlle

427 737 1942 182 et en tetade audit Donand Notaire son confrère present lan deux

431 821 1899 203 de la Repullique ledout manniidot, atates Jitten mil cept

428 919 1905 202 ant quatrev ingt qui or vieux lile Camat médé, e a ladine

404 1002 1960 193 det tuis délué en savai écrnr ni lige dell ceenques suivent lelai

438 1085 1921 195 aimsi quil est dit aux leux inteuttes eli présentes dent l'une est

174 1340 82 92 352

444 1163 1952 212 pour ête endoyne au lursau du Chastrr, et Eitre controllée au

436 1271 1926 201 Poit de la montagne Jle de France le sep acust Susvant pau

185 1461 106 100 35

333 1450 37 159 9

427 1353 1984 185 posi aui n quayent fous rot demeunse la la parorsie la

415 1425 1994 223 Douand leur dls otaine vussigned aund agnes Reriiula dousd

844 1543 1514 190 Eungiutri par nyi Greffar dutitbneat cait dellede

831 1643 1538 159 Fanie Joussigné sur Cangnet ludu Astament

141 1801 624 121 aaa

802 1748 1643 161 amoi paanti aut effer et lenateende après acule

846 1836 1151 179 faito fur egleut du present megstrement

841 1885 1608 206 Qu lat Dasond ount Jslede france le fe des pruldes

851 1991 1505 200 deton qualle dete Requblique francain une et mil

1777 2091 282 124 Busson

480 2311 1955 189 Pay divant d'avur Fains Baptites bassaint Aeatte publis erercant dans

146 2389 2271 185 testanmenté aport de la mului apatité du Poit de la fraternité puroisse Soriue Dame de

120 2468 2302 212 Pierre Boulde Mle de fame et les bénoins ccaprés nommée toussignée eet compaie le

469 2537 1931 201 es Suré Berube amusnr domurant au leu dit La maire d'alEert

515 2637 1952 184 deyandunt dicditt quarties et paroisse Jils mapur de dufunt Jean Françon

264 2755 225 111 32

565 2743 1772 145 ulat e de porene Ctnne ccedir aulu du denant enla adevaul

1466 2817 142 81 Mmat
