2479 2850
77 264 46 76 d

586 101 1682 169 Céidaint en aunorité et avant davair disposé de liles

514 183 1763 176 Vieus la presente donation Reprendit Sa pree et aura

513 368 302 91 le meme9

863 259 1411 154 et pour Le futar apoux que sil ue toit por

513 326 1772 204 Sarveme denfant et pour faire Jasinuer en presentes par

513 400 1771 201 tout au Desas Sera, les partos ont Constitue procveur le

516 490 1782 198 poateur dune expedition auquel ils donnent tout pourvir Rrques

508 639 665 132 et necessaire a eet eft

1254 639 1023 141 Couvee, pomesant obligeant, dont

639 723 571 143 far aimsi fait et

524 714 1766 229 acte fait et vossé en double menutte au port Du nordat

513 794 1771 236 de PJsle de fraice qu Le lude le dix uf septemta aul sy

522 893 1746 220 ant quatre Vingt haizé laû Deuxreme de La Republique

1279 978 1003 171 Jacques fatur apour. Sigré avec le

525 1073 750 119 après audy et a le dit

516 1057 1771 222 ptoyen Brun furateur de La dite mery, et les dits desjardex

514 1301 108 57 et

638 1141 1595 211 geslia avec les dits notaires et non la dite aury

1774 1273 492 107 J. B Denavaus

521 1200 1756 259 que a seclare au SavanSe qué de a auquise et Jntery elle

495 1339 1207 192 Suivant Lordonnaime Segae Jacques, Ps

464 1336 1824 282 Jale Paire et desseste notaire, au destois est éceit an trost

801 1409 1460 223 Louis Jsle de France ce Jingt quatre septemtre aulet

430 1603 325 114 Pau port

887 1496 1378 199 Lingt teire denrans année de la leputsigne fe

513 1698 176 83 rent

720 1656 133 90 na tre

1110 1559 1175 198 a margné avoir lecu ouze levres queize ol

741 1733 323 84 Servier qui

516 1770 177 114 Signe

907 1634 1358 228 amoi Sur les deux annattes du dit Contrat

720 1887 19 35 3

907 1713 1358 225 demeures en La garde et posseion du Cetopen

1794 1860 480 114 Jacques a foudban

521 1919 337 109 d marege

906 1812 1367 187 Leste lun des notaires aussignés que a lu

511 1983 361 108 francar de

492 1936 1210 230 la presente expedition au nomme

525 2162 140 87 Vingt

704 1950 1548 246 umarne Jour du mois de novembre mil Sept cen

1213 2042 1037 165 torsance de La Republique signe

768 2191 128 98 Ving

950 2181 192 75 treige

525 2229 208 103 quatre

872 2232 314 120 De lesle

544 2311 244 108 Brem

1267 2275 1012 166 ure gustre Par uoe commes qufte

2135 2405 92 71 d

1130 2335 1131 192 Juré du Fribunal de preaner Bestance de de

1129 2422 985 184 de france. Sussigné eur Lorrigenal

1528 2458 767 148 de tesistant Rende après

1129 2558 363 113 Representé et

1129 2538 1099 193 faite Sur Jea lui du peretent enreqiitremant

1286 2603 1001 174 en fort Louis Jle de frans Ludu

1154 2777 155 71 de La

1340 2685 920 152 Rpebligue Franaaise le Vengt ainy

1747 2745 340 101 ate Vingt

229 2340 32 46 1

64 2590 78 79 dt
