<?xml version="1.0" encoding="UTF-8"?>
<alto xmlns:xsi="http://www.w3.org/2001/XMLSchema-instance"
      xmlns="http://www.loc.gov/standards/alto/ns-v4#"
      xsi:schemaLocation="http://www.loc.gov/standards/alto/ns-v4# http://www.loc.gov/standards/alto/v4/alto-4-2.xsd">
  <Description>
    <MeasurementUnit>pixel</MeasurementUnit>
    <sourceImageInformation>
      <fileName>JK10_6.pdf_page_34.png</fileName>
      <fileIdentifier>pdf//JK10_6.pdf</fileIdentifier>
    </sourceImageInformation>
  </Description>
  <Tags>
    <OtherTag ID="BT8" LABEL="DamageZone" DESCRIPTION="block type DamageZone"/><OtherTag ID="BT12" LABEL="MainZone" DESCRIPTION="block type MainZone"/><OtherTag ID="BT13" LABEL="MarginTextZone" DESCRIPTION="block type MarginTextZone"/><OtherTag ID="BT15" LABEL="NumberingZone" DESCRIPTION="block type NumberingZone"/><OtherTag ID="BT17" LABEL="QuireMarksZone" DESCRIPTION="block type QuireMarksZone"/><OtherTag ID="BT445" LABEL="CustomZone:closer" DESCRIPTION="block type CustomZone:closer"/><OtherTag ID="BT446" LABEL="CustomZone:paraph" DESCRIPTION="block type CustomZone:paraph"/><OtherTag ID="BT447" LABEL="DigitizationArtefactZone:fingers" DESCRIPTION="block type DigitizationArtefactZone:fingers"/><OtherTag ID="BT448" LABEL="DigitizationArtefactZone:fingers" DESCRIPTION="block type DigitizationArtefactZone:fingers"/><OtherTag ID="BT450" LABEL="NumberingZone:document" DESCRIPTION="block type NumberingZone:document"/><OtherTag ID="BT451" LABEL="NumberingZone:folio" DESCRIPTION="block type NumberingZone:folio"/><OtherTag ID="BT452" LABEL="NumberingZone:page" DESCRIPTION="block type NumberingZone:page"/><OtherTag ID="BT453" LABEL="text" DESCRIPTION="block type text"/>
    <OtherTag ID="LT8" LABEL="DefaultLine" DESCRIPTION="line type DefaultLine"/><OtherTag ID="LT10" LABEL="HeadingLine" DESCRIPTION="line type HeadingLine"/><OtherTag ID="LT11" LABEL="InterlinearLine" DESCRIPTION="line type InterlinearLine"/><OtherTag ID="LT320" LABEL="default" DESCRIPTION="line type default"/>
  </Tags>
  <Layout>
    <Page WIDTH="2262"
          HEIGHT="3513"
          PHYSICAL_IMG_NR="33"
          ID="eSc_dummypage_">
      <PrintSpace HPOS="0"
                  VPOS="0"
                  WIDTH="2262"
                  HEIGHT="3513">
        <TextBlock HPOS="0"
                   VPOS="54"
                   WIDTH="2260"
                   HEIGHT="3457"
                   ID="eSc_textblock_7b8ffe03"
                   TAGREFS="BT453">
          <Shape><Polygon POINTS="526 54 599 62 663 171 843 218 1317 210 2238 265 2191 405 2238 1857 2230 2691 2215 2730 2160 2745 1803 2777 1738 2808 1826 2872 2215 2880 2260 3511 187 3511 195 3481 156 3464 148 3372 195 3323 202 3185 132 3128 132 3044 195 2988 218 2816 187 2667 202 2240 179 2099 210 1826 156 966 171 624 0 606 0 140 216 140 526 54"/></Shape>
          <TextLine ID="eSc_line_d3a2f308"
                    TAGREFS="LT320"
                    BASELINE="1 251 240 240" 
                    HPOS="1"
                    VPOS="146"
                    WIDTH="239"
                    HEIGHT="193">
            <Shape><Polygon POINTS="1 251 5 339 81 337 83 337 85 337 85 335 113 306 148 267 240 263 240 240 234 161 193 161 177 148 177 146 175 146 173 146 171 146 89 154 87 154 85 154 85 156 50 193 46 199 5 199 1 251"/></Shape>
	    <String CONTENT="à feu"
                    HPOS="1"
                    VPOS="146"
                    WIDTH="239"
                    HEIGHT="193"
                    WC="0.9925889015197754"></String>
          </TextLine>
          <TextLine ID="eSc_line_a81b75c3"
                    TAGREFS="LT320"
                    BASELINE="261 327 1906 310 2152 337" 
                    HPOS="259"
                    VPOS="245"
                    WIDTH="1893"
                    HEIGHT="114">
            <Shape><Polygon POINTS="2137 257 1910 271 1873 259 1850 251 1848 251 1846 251 1844 251 1813 259 1791 265 1772 259 1723 245 1721 245 1719 245 1717 245 1656 261 1623 269 1604 261 1571 247 1569 247 1479 247 1477 247 1475 247 1440 263 1413 275 1329 273 1315 263 1309 259 1307 259 1305 259 1303 259 1301 259 1290 265 1268 275 1241 265 1231 261 1229 261 1227 261 1188 265 1153 269 1147 265 1131 255 1130 255 1128 255 1126 255 1124 255 1081 267 1059 271 1040 267 981 253 807 253 806 253 804 253 802 253 784 265 747 255 745 255 743 255 741 255 688 269 667 275 647 271 622 265 620 265 593 271 564 277 517 271 474 267 472 267 470 267 458 273 435 282 259 275 261 327 263 351 296 339 368 351 390 355 392 355 448 353 564 345 606 353 624 355 626 355 628 355 636 353 681 339 720 353 737 359 739 359 741 359 743 359 759 353 788 343 827 353 843 357 845 357 847 357 848 357 850 357 854 353 874 341 891 349 893 349 895 349 897 349 944 335 1159 343 1161 343 1405 327 1455 349 1457 349 1459 349 1461 349 1532 329 1596 349 1598 349 1600 349 1656 339 1680 349 1682 349 1684 349 1760 347 1777 357 1779 359 1781 359 1783 359 1785 359 1787 359 1793 357 1811 347 1842 357 1844 357 1846 357 1848 359 2150 359 2152 337 2148 257 2137 257"/></Shape>
	    <String CONTENT="Dar divant tes notaires Sablies a liste de France uis"
                    HPOS="259"
                    VPOS="245"
                    WIDTH="1893"
                    HEIGHT="114"
                    WC="0.9824604774421116"></String>
          </TextLine>
          <TextLine ID="eSc_line_2b1146f2"
                    TAGREFS="LT320"
                    BASELINE="39 364 152 370" 
                    HPOS="37"
                    VPOS="325"
                    WIDTH="115"
                    HEIGHT="69">
            <Shape><Polygon POINTS="39 364 37 384 148 394 152 370 152 343 39 325 39 364"/></Shape>
	    <String CONTENT=""
                    HPOS="37"
                    VPOS="325"
                    WIDTH="115"
                    HEIGHT="69"></String>
          </TextLine>
          <TextLine ID="eSc_line_2faaa662"
                    TAGREFS="LT320"
                    BASELINE="255 423 593 411 1381 407 2152 433" 
                    HPOS="253"
                    VPOS="341"
                    WIDTH="1899"
                    HEIGHT="121">
            <Shape><Polygon POINTS="255 423 253 427 308 446 310 446 312 446 480 431 487 431 495 431 569 443 571 443 573 443 612 433 659 421 681 433 708 450 710 450 712 450 714 450 780 435 835 423 899 437 971 452 1159 454 1161 454 1163 454 1165 454 1184 441 1210 427 1321 427 1405 441 1407 441 1465 429 1633 429 1696 448 1735 460 1736 460 1738 462 1822 462 1822 460 1824 460 1856 450 1908 435 2148 454 2152 433 2152 388 2006 386 1885 353 1883 353 1826 353 1824 353 1822 353 1762 372 1731 361 1729 361 1727 361 1639 370 1608 351 1606 351 1604 351 1530 349 1414 349 1413 349 1411 349 1331 372 1237 361 1235 361 1137 376 1135 376 1133 376 1024 347 1022 347 1020 347 860 372 700 341 698 341 610 357 587 345 585 345 583 345 581 345 579 345 546 364 493 343 491 343 489 343 487 343 429 363 392 355 390 355 388 355 363 368 361 368 255 368 255 423"/></Shape>
	    <String CONTENT="preent le fitayeu nicolas, parre Chartes Campatit comme"
                    HPOS="253"
                    VPOS="341"
                    WIDTH="1899"
                    HEIGHT="121"
                    WC="0.9758380738171664"></String>
          </TextLine>
          <TextLine ID="eSc_line_522752bf"
                    TAGREFS="LT320"
                    BASELINE="81 427 226 425" 
                    HPOS="80"
                    VPOS="343"
                    WIDTH="146"
                    HEIGHT="105">
            <Shape><Polygon POINTS="81 427 81 448 224 448 226 425 220 343 179 345 177 345 175 345 175 347 154 366 126 396 80 396 81 427"/></Shape>
	    <String CONTENT="J"
                    HPOS="80"
                    VPOS="343"
                    WIDTH="146"
                    HEIGHT="105"
                    WC="0.9999829530715942"></String>
          </TextLine>
          <TextLine ID="eSc_line_274ffc34"
                    TAGREFS="LT320"
                    BASELINE="17 427 48 427" 
                    HPOS="17"
                    VPOS="402"
                    WIDTH="31"
                    HEIGHT="62">
            <Shape><Polygon POINTS="17 427 19 464 48 450 48 427 48 405 17 402 17 427"/></Shape>
	    <String CONTENT="2"
                    HPOS="17"
                    VPOS="402"
                    WIDTH="31"
                    HEIGHT="62"
                    WC="0.9998291730880737"></String>
          </TextLine>
          <TextLine ID="eSc_line_6ef230e7"
                    TAGREFS="LT320"
                    BASELINE="197 491 765 484 1083 495 1532 487 1947 507 2160 526" 
                    HPOS="195"
                    VPOS="425"
                    WIDTH="1965"
                    HEIGHT="111">
            <Shape><Polygon POINTS="197 491 195 521 314 521 314 519 316 519 386 497 460 521 462 521 464 521 575 497 731 497 811 497 845 519 847 519 848 519 923 526 936 526 938 528 1038 528 1038 526 1040 526 1089 505 1116 517 1118 517 1120 517 1122 517 1163 503 1215 513 1217 513 1332 503 1592 505 1658 521 1660 521 1731 515 1754 526 1756 526 1758 526 1885 513 1955 534 1957 534 1959 534 1961 534 1963 534 1979 524 2156 536 2160 526 2158 466 1902 464 1895 460 1867 450 1865 450 1863 450 1803 458 1768 462 1754 456 1711 439 1709 439 1707 439 1705 439 1655 454 1637 460 1592 458 1586 454 1553 433 1551 433 1549 433 1455 433 1454 433 1452 433 1450 433 1422 450 1420 452 1352 454 1317 454 1307 448 1280 431 1278 431 1276 431 1208 431 1206 431 1204 431 1171 444 1143 456 1005 443 1001 443 999 443 997 443 971 454 917 454 893 441 889 437 888 437 886 437 884 437 866 439 837 444 819 439 790 427 788 427 786 427 716 435 585 425 583 425 581 425 550 433 491 448 462 431 460 429 458 429 456 429 454 429 439 431 402 437 197 427 197 491"/></Shape>
	    <String CONTENT="gresfar du hibunal de pairx denceurant en ce tort ef paroize"
                    HPOS="195"
                    VPOS="425"
                    WIDTH="1965"
                    HEIGHT="111"
                    WC="0.9667029331127802"></String>
          </TextLine>
          <TextLine ID="eSc_line_5842b3f3"
                    TAGREFS="LT320"
                    BASELINE="282 573 1079 577 1653 560 2172 599" 
                    HPOS="281"
                    VPOS="501"
                    WIDTH="1891"
                    HEIGHT="119">
            <Shape><Polygon POINTS="282 573 281 597 415 603 417 603 419 603 431 599 495 579 532 601 534 603 536 603 538 603 599 605 601 605 603 605 610 603 657 581 714 581 737 599 739 599 741 599 743 599 866 581 915 595 917 595 919 595 971 591 1010 606 1016 608 1018 608 1157 610 1159 610 1161 610 1163 610 1165 608 1202 585 1239 583 1268 599 1270 599 1272 599 1274 599 1313 581 1377 591 1379 591 1432 581 1483 601 1485 601 1487 601 1489 601 1553 583 1793 583 1858 608 1859 608 1861 608 1973 595 2168 620 2172 599 2170 538 2043 521 2041 521 2039 521 1988 534 1959 544 1813 544 1776 532 1725 517 1723 517 1627 515 1625 515 1623 515 1596 528 1575 515 1573 515 1571 515 1508 515 1506 515 1504 515 1463 526 1457 528 1455 526 1436 513 1434 513 1432 513 1430 513 1299 521 1258 511 1256 511 1254 511 1252 511 1227 524 1206 536 1104 536 1044 521 1038 521 1036 521 1034 521 1032 521 1009 532 874 532 852 519 835 507 833 507 831 507 829 507 780 517 745 524 712 517 679 507 677 507 675 507 673 507 647 515 616 526 595 515 577 505 575 505 573 505 571 505 548 515 513 528 433 528 396 511 368 501 366 501 364 501 282 509 282 573"/></Shape>
	    <String CONTENT="Louis Lequel Sur La Requisitiour du P^e yves Michard levente"
                    HPOS="281"
                    VPOS="501"
                    WIDTH="1891"
                    HEIGHT="119"
                    WC="0.9475488419334094"></String>
          </TextLine>
          <TextLine ID="eSc_line_f4c5a7e9"
                    TAGREFS="LT320"
                    BASELINE="199 647 1147 651 1426 632 1766 642 2060 673" 
                    HPOS="199"
                    VPOS="583"
                    WIDTH="1861"
                    HEIGHT="113">
            <Shape><Polygon POINTS="2059 624 1949 606 1947 606 1945 606 1920 618 1830 591 1828 591 1680 591 1678 591 1676 591 1655 603 1637 589 1635 589 1633 589 1569 589 1567 589 1565 589 1500 606 1473 589 1471 589 1469 589 1467 589 1350 605 1293 587 1292 587 1208 587 1206 587 1204 587 1149 606 1128 616 999 616 979 605 952 587 950 587 948 587 946 587 864 601 833 606 807 601 757 587 755 587 753 587 751 587 749 587 731 599 710 610 462 610 437 593 431 589 429 589 427 589 425 589 400 593 368 599 359 593 353 587 351 587 349 587 347 587 345 587 331 591 316 597 290 591 253 583 251 583 249 583 234 591 214 599 202 589 199 647 199 667 281 667 288 669 320 681 322 681 323 681 325 681 351 669 363 665 431 671 450 671 452 671 462 671 565 657 606 671 626 679 628 679 630 679 632 679 646 673 667 663 770 673 774 673 776 673 778 673 807 661 938 661 987 675 1030 688 1032 688 1034 688 1036 688 1083 677 1135 663 1176 677 1213 690 1215 690 1217 692 1276 692 1276 690 1278 690 1280 690 1299 679 1323 665 1385 665 1409 679 1426 692 1428 692 1430 692 1432 694 1481 694 1481 692 1483 692 1510 681 1534 669 1623 667 1647 683 1664 694 1666 694 1668 694 1902 696 1904 696 1906 696 1939 685 1957 679 2057 685 2060 673 2059 624"/></Shape>
	    <String CONTENT="lestamentaire conjointement avec le S^ot Dern Pe seu parre"
                    HPOS="199"
                    VPOS="583"
                    WIDTH="1861"
                    HEIGHT="113"
                    WC="0.9639426993912664"></String>
          </TextLine>
          <TextLine ID="eSc_line_9ae3515a"
                    TAGREFS="LT320"
                    BASELINE="2086 681 2164 694" 
                    HPOS="2080"
                    VPOS="624"
                    WIDTH="92"
                    HEIGHT="94">
            <Shape><Polygon POINTS="2086 681 2080 700 2158 718 2164 694 2172 646 2142 624 2140 624 2139 624 2137 624 2092 634 2086 681"/></Shape>
	    <String CONTENT="slisi"
                    HPOS="2080"
                    VPOS="624"
                    WIDTH="92"
                    HEIGHT="94"
                    WC="0.8410413026809692"></String>
          </TextLine>
          <TextLine ID="eSc_line_0ba005db"
                    TAGREFS="LT320"
                    BASELINE="197 710 977 722 1089 737 1479 722 1746 722 2158 743" 
                    HPOS="195"
                    VPOS="657"
                    WIDTH="1963"
                    HEIGHT="111">
            <Shape><Polygon POINTS="197 710 195 726 236 743 238 743 240 743 405 731 480 726 495 733 526 747 528 747 530 747 751 739 852 753 854 753 950 751 952 751 969 743 985 737 1005 743 1038 755 1040 755 1139 757 1141 759 1309 759 1309 757 1344 751 1430 737 1863 741 2062 749 2154 768 2158 743 2156 708 2074 708 2070 704 2014 681 2012 681 2010 681 1906 683 1904 683 1867 700 1859 702 1813 698 1653 683 1651 683 1649 683 1627 692 1614 700 1590 692 1537 675 1535 675 1534 675 1471 688 1454 692 1428 688 1342 673 1340 673 1338 673 1311 685 1288 696 1227 696 1184 683 1141 669 1139 669 1137 669 1135 669 1112 681 1085 694 1034 694 1007 679 1005 679 1003 679 848 690 731 690 700 669 692 663 690 663 688 663 554 661 552 661 550 661 536 665 470 685 423 663 415 659 413 659 339 659 337 659 335 659 333 659 312 671 288 659 286 659 197 657 197 710"/></Shape>
	    <String CONTENT="Mabil, a deffose au pere Brun luit des notaire Soussigné"
                    HPOS="195"
                    VPOS="657"
                    WIDTH="1963"
                    HEIGHT="111"
                    WC="0.9801375589200428"></String>
          </TextLine>
          <TextLine ID="eSc_line_29f948c9"
                    TAGREFS="LT320"
                    BASELINE="204 782 1247 798 1797 794 2168 823" 
                    HPOS="202"
                    VPOS="729"
                    WIDTH="1966"
                    HEIGHT="114">
            <Shape><Polygon POINTS="204 782 202 788 234 804 236 804 238 804 240 804 242 804 257 794 288 807 290 807 292 807 353 798 421 813 423 813 511 802 618 817 620 817 843 806 858 806 862 806 886 821 888 821 889 821 891 821 985 809 993 809 999 809 1053 821 1055 821 1057 821 1075 811 1081 807 1089 811 1106 825 1108 825 1110 825 1317 827 1319 827 1321 827 1344 819 1364 811 1569 811 1897 815 1928 835 1932 839 1934 839 1936 839 1938 839 1939 839 1951 837 2010 821 2049 839 2055 841 2057 841 2059 843 2166 843 2168 823 2168 778 2051 747 2049 747 2047 747 1963 767 1916 745 1914 745 1912 745 1674 749 1672 749 1653 759 1627 745 1625 745 1452 737 1450 737 1448 737 1354 765 1352 765 1297 739 1295 739 1293 739 1292 739 1241 763 1237 763 1135 749 1133 749 1131 749 1098 761 1096 761 1094 761 979 729 977 729 975 729 973 729 882 757 880 757 747 755 573 753 364 729 363 729 361 729 325 749 288 749 286 749 286 747 249 729 247 729 245 729 243 729 204 745 204 782"/></Shape>
	    <String CONTENT="poir ete anmaré au Rarg de sen munutes et de livre la gi"
                    HPOS="202"
                    VPOS="729"
                    WIDTH="1966"
                    HEIGHT="114"
                    WC="0.9606163735900607"></String>
          </TextLine>
          <TextLine ID="eSc_line_d088cf14"
                    TAGREFS="LT320"
                    BASELINE="193 837 751 864 1604 858 1836 876 2180 884" 
                    HPOS="191"
                    VPOS="790"
                    WIDTH="1989"
                    HEIGHT="121">
            <Shape><Polygon POINTS="2045 815 2043 815 2041 815 2039 815 2031 819 2000 835 1922 837 1887 817 1883 813 1881 813 1879 813 1877 813 1852 815 1776 825 1738 813 1735 813 1733 813 1731 813 1729 813 1727 813 1707 821 1551 811 1491 807 1444 807 1442 807 1440 807 1436 809 1395 829 1171 817 1169 817 966 823 930 809 929 809 927 809 866 821 841 807 839 807 837 807 835 807 800 821 663 821 601 802 599 802 597 802 595 802 550 815 521 796 519 796 517 796 515 796 446 807 415 794 413 794 353 792 323 792 322 792 320 792 281 807 255 792 253 792 251 792 193 790 193 837 191 856 333 880 335 880 439 864 452 862 456 864 489 882 491 882 493 882 536 874 573 889 575 889 577 889 669 870 671 870 712 891 714 891 1069 897 1071 897 1073 897 1131 882 1143 878 1344 874 1471 884 1473 884 1758 880 1836 901 1859 907 1861 907 2053 911 2055 911 2057 911 2066 907 2092 897 2176 909 2180 884 2174 821 2137 841 2084 841 2051 819 2047 815 2045 815"/></Shape>
	    <String CONTENT="de droit toutes expedition messaire le Lotament lograple cad"
                    HPOS="191"
                    VPOS="790"
                    WIDTH="1989"
                    HEIGHT="121"
                    WC="0.9623630707462628"></String>
          </TextLine>
          <TextLine ID="eSc_line_900335f7"
                    TAGREFS="LT320"
                    BASELINE="185 915 835 938 1483 930 2170 952" 
                    HPOS="185"
                    VPOS="864"
                    WIDTH="1985"
                    HEIGHT="117">
            <Shape><Polygon POINTS="185 915 185 946 240 934 304 948 318 950 462 952 464 952 466 952 470 950 497 936 565 936 659 952 686 956 1038 964 1040 964 1042 964 1065 956 1081 952 1104 958 1135 964 1137 964 1167 958 1211 948 1321 960 1334 960 1336 960 1364 960 1549 954 1736 956 1766 964 1824 977 1826 977 1885 968 1963 981 1965 981 2168 968 2170 952 2168 913 2002 889 2000 889 1998 889 1965 907 1955 913 1906 913 1893 905 1856 886 1854 886 1852 886 1850 886 1809 903 1791 911 1776 903 1766 897 1764 897 1762 897 1738 901 1707 909 1688 901 1647 882 1645 882 1643 882 1569 893 1535 880 1534 880 1311 876 1309 876 1307 876 1266 891 1239 901 1217 889 1198 880 1196 880 1194 880 1192 880 1167 888 1133 899 1024 897 1005 884 991 876 989 876 987 876 985 876 983 876 960 884 929 893 763 893 727 878 692 864 690 864 688 864 686 864 651 876 618 889 544 889 497 872 476 866 474 866 472 866 470 866 456 872 427 884 405 870 400 866 398 866 396 866 185 866 185 915"/></Shape>
	    <String CONTENT="fu auchyl Signé de Lui sous la datte du decx Septembre"
                    HPOS="185"
                    VPOS="864"
                    WIDTH="1985"
                    HEIGHT="117"
                    WC="0.9800903057610547"></String>
          </TextLine>
          <TextLine ID="eSc_line_1ba368cb"
                    TAGREFS="LT320"
                    BASELINE="193 993 930 993 1145 1007 1844 1016 2176 1032" 
                    HPOS="191"
                    VPOS="940"
                    WIDTH="1985"
                    HEIGHT="109">
            <Shape><Polygon POINTS="193 993 191 1024 220 1026 222 1026 224 1026 226 1026 261 1005 378 1005 413 1018 415 1018 417 1018 720 1009 774 1032 776 1032 778 1032 780 1032 833 1012 932 1010 1003 1026 1005 1026 1079 1012 1122 1038 1124 1038 1126 1038 1311 1040 1313 1040 1315 1040 1317 1040 1364 1022 1573 1034 1575 1034 1717 1022 1742 1038 1744 1038 1746 1038 1748 1038 1813 1032 1861 1046 1865 1048 1867 1048 1869 1048 1883 1048 1943 1040 2172 1049 2176 1032 2174 981 2051 981 2047 977 2021 962 2019 962 2018 962 2016 962 1947 975 1939 977 1936 975 1904 960 1902 960 1900 960 1898 960 1850 973 1844 975 1834 973 1779 964 1777 964 1696 971 1668 973 1662 971 1635 954 1633 954 1631 954 1565 954 1563 954 1561 954 1534 968 1526 973 1403 973 1221 969 1210 962 1190 950 1188 950 1186 950 1184 950 1110 960 1083 964 1075 960 1055 950 1053 950 1051 950 1012 958 981 966 852 966 815 954 765 942 763 942 761 942 759 942 720 954 690 962 659 952 622 940 620 940 618 940 193 942 193 993"/></Shape>
	    <String CONTENT="derer ecrit Sur le presenner et Secoude age denu seuitte de pope"
                    HPOS="191"
                    VPOS="940"
                    WIDTH="1985"
                    HEIGHT="109"
                    WC="0.9783344794996083"></String>
          </TextLine>
          <TextLine ID="eSc_line_5ad066de"
                    TAGREFS="LT320"
                    BASELINE="201 1081 767 1069 927 1087 1352 1087 2176 1108" 
                    HPOS="199"
                    VPOS="1022"
                    WIDTH="1977"
                    HEIGHT="117">
            <Shape><Polygon POINTS="201 1081 199 1098 230 1108 232 1108 234 1108 236 1108 259 1100 277 1094 300 1100 364 1118 366 1118 368 1118 441 1102 482 1094 768 1094 792 1108 829 1126 831 1126 833 1128 913 1128 913 1126 915 1126 966 1110 977 1108 1040 1112 1059 1112 1061 1112 1063 1112 1090 1100 1157 1114 1174 1116 1176 1116 1190 1114 1245 1102 1377 1102 1411 1118 1446 1131 1448 1131 1510 1133 2008 1139 2010 1139 2012 1139 2035 1128 2172 1128 2176 1108 2176 1063 2127 1049 2125 1049 2123 1049 2121 1049 2078 1061 2057 1048 2055 1048 2053 1048 2051 1048 2049 1048 2019 1061 2018 1061 2008 1061 1928 1051 1926 1051 1924 1051 1895 1059 1893 1059 1891 1059 1779 1040 1777 1040 1776 1040 1719 1057 1717 1057 1498 1057 1494 1055 1432 1036 1430 1036 1428 1036 1426 1036 1391 1049 1288 1034 1286 1034 1155 1049 1108 1032 1106 1032 1104 1032 1030 1049 979 1030 977 1030 819 1028 817 1028 331 1042 292 1022 290 1022 240 1022 238 1022 236 1022 201 1038 201 1081"/></Shape>
	    <String CONTENT="ordenaire commentant par ces mots au non du p^ere seisvant"
                    HPOS="199"
                    VPOS="1022"
                    WIDTH="1977"
                    HEIGHT="117"
                    WC="0.9417836830533785"></String>
          </TextLine>
          <TextLine ID="eSc_line_3268bc8f"
                    TAGREFS="LT320"
                    BASELINE="193 1155 1348 1163 1856 1182 2178 1172" 
                    HPOS="193"
                    VPOS="1104"
                    WIDTH="1985"
                    HEIGHT="98">
            <Shape><Polygon POINTS="193 1155 193 1184 306 1169 472 1169 735 1171 765 1186 772 1190 774 1190 776 1190 811 1186 891 1176 923 1186 925 1186 927 1186 936 1186 1116 1178 1133 1186 1143 1192 1145 1192 1147 1192 1149 1192 1167 1186 1204 1176 1356 1188 1375 1188 1377 1188 1387 1188 1434 1180 1491 1188 1567 1198 1569 1198 1655 1188 1662 1188 1670 1188 1764 1196 1766 1196 1768 1196 1783 1188 1791 1184 1799 1188 1822 1200 1824 1200 2078 1202 2080 1202 2082 1202 2084 1202 2103 1188 2109 1186 2174 1188 2178 1172 2172 1122 2117 1135 1990 1131 1988 1131 1986 1131 1959 1145 1553 1145 1493 1141 1459 1124 1444 1116 1442 1116 1338 1114 1336 1114 1268 1124 1239 1128 1227 1124 1198 1114 1196 1114 1071 1112 1069 1112 1067 1112 1042 1124 1014 1137 864 1130 852 1126 798 1110 796 1110 757 1110 755 1110 753 1110 726 1126 710 1133 681 1126 659 1120 657 1120 655 1120 573 1126 523 1130 515 1126 491 1110 489 1110 487 1110 485 1110 405 1118 253 1104 251 1104 249 1104 193 1126 193 1155"/></Shape>
	    <String CONTENT="par ceux ce a la page Rieto ; a bandonne apres commentant la"
                    HPOS="193"
                    VPOS="1104"
                    WIDTH="1985"
                    HEIGHT="98"
                    WC="0.9869142989317576"></String>
          </TextLine>
          <TextLine ID="eSc_line_ae7aed6d"
                    TAGREFS="LT320"
                    BASELINE="208 1229 2187 1252" 
                    HPOS="208"
                    VPOS="1178"
                    WIDTH="1979"
                    HEIGHT="108">
            <Shape><Polygon POINTS="208 1229 208 1262 263 1251 292 1264 294 1264 296 1264 392 1266 394 1266 402 1264 460 1252 601 1268 616 1268 618 1268 620 1268 624 1268 690 1249 768 1262 770 1262 985 1252 1038 1272 1044 1274 1046 1274 1048 1274 1059 1272 1137 1254 1167 1272 1169 1272 1171 1272 1172 1272 1272 1258 1438 1272 1440 1272 1442 1272 1471 1258 1524 1258 1688 1258 1707 1272 1709 1272 1711 1272 1713 1272 1887 1266 1916 1282 1922 1284 1924 1284 2021 1286 2023 1286 2039 1284 2111 1266 2181 1284 2187 1252 2185 1208 2084 1223 2045 1206 2027 1198 2025 1198 2023 1198 1965 1204 1889 1213 1865 1204 1848 1196 1846 1196 1844 1196 1754 1202 1682 1208 1547 1200 1455 1196 1454 1196 1452 1196 1438 1200 1393 1211 1344 1198 1319 1192 1317 1192 1315 1192 1313 1192 1290 1198 1272 1202 1245 1198 1188 1188 1186 1188 1184 1188 1163 1196 1126 1213 1036 1213 642 1198 640 1198 542 1206 487 1190 454 1180 452 1180 409 1180 407 1180 405 1180 388 1188 363 1202 333 1190 331 1190 329 1190 327 1190 304 1196 288 1188 271 1178 269 1178 267 1178 208 1186 208 1229"/></Shape>
	    <String CONTENT="page Verto par ces mote avoir dissepé tout et feuissant par eu"
                    HPOS="208"
                    VPOS="1178"
                    WIDTH="1979"
                    HEIGHT="108"
                    WC="0.9853758158222321"></String>
          </TextLine>
          <TextLine ID="eSc_line_c38df127"
                    TAGREFS="LT320"
                    BASELINE="214 1311 690 1321 1182 1313 1479 1329 2193 1332" 
                    HPOS="212"
                    VPOS="1254"
                    WIDTH="1981"
                    HEIGHT="108">
            <Shape><Polygon POINTS="214 1311 212 1334 675 1358 677 1358 1178 1352 1192 1362 1194 1362 1196 1362 1198 1362 1251 1352 1440 1360 1442 1360 1444 1360 1473 1346 1893 1346 2045 1362 2047 1362 2191 1348 2193 1332 2189 1266 2082 1290 2031 1278 2029 1278 2027 1278 1943 1290 1897 1266 1895 1266 1893 1266 1891 1266 1846 1290 1696 1290 1633 1266 1615 1260 1614 1260 1537 1260 1535 1260 1534 1260 1522 1266 1485 1286 1446 1266 1438 1262 1436 1262 1370 1258 1368 1258 1024 1266 999 1266 993 1266 880 1254 878 1254 876 1254 847 1266 815 1280 550 1266 519 1266 517 1266 515 1266 511 1266 474 1276 443 1266 413 1258 411 1258 409 1258 355 1266 300 1276 214 1268 214 1311"/></Shape>
	    <String CONTENT="Cq; mil Sept cent quatre Vingt teize, au deBous P Michel"
                    HPOS="212"
                    VPOS="1254"
                    WIDTH="1981"
                    HEIGHT="108"
                    WC="0.9767865091562271"></String>
          </TextLine>
          <TextLine ID="eSc_line_ed03a316"
                    TAGREFS="LT320"
                    BASELINE="204 1387 964 1409 2183 1399" 
                    HPOS="202"
                    VPOS="1340"
                    WIDTH="1981"
                    HEIGHT="104">
            <Shape><Polygon POINTS="204 1387 202 1409 444 1413 472 1424 474 1424 476 1424 565 1413 626 1440 628 1440 630 1440 632 1440 671 1422 800 1440 802 1440 804 1440 806 1440 837 1420 917 1420 954 1440 956 1440 958 1442 997 1442 997 1440 999 1440 1053 1413 1223 1420 1284 1442 1286 1442 1288 1444 1489 1444 1489 1442 1612 1422 1783 1442 1785 1442 1787 1442 1832 1420 1973 1436 1975 1436 2094 1414 2181 1414 2183 1399 2181 1344 2119 1344 2117 1344 2115 1344 2113 1344 2074 1368 2025 1350 2023 1350 2021 1350 2019 1350 1979 1370 1918 1370 1733 1344 1731 1344 1729 1344 1668 1370 1606 1370 1561 1348 1559 1348 1557 1348 1555 1348 1528 1358 1485 1344 1483 1344 1481 1344 1372 1370 1272 1370 1163 1342 1161 1342 1159 1342 1102 1368 1001 1368 917 1342 915 1342 913 1342 911 1342 831 1368 675 1368 624 1352 622 1352 204 1340 204 1387"/></Shape>
	    <String CONTENT="dit testament parraphé de lassisseur faisant Sonsteons de Jug"
                    HPOS="202"
                    VPOS="1340"
                    WIDTH="1981"
                    HEIGHT="104"
                    WC="0.9693619569794076"></String>
          </TextLine>
          <TextLine ID="eSc_line_978b3f4d"
                    TAGREFS="LT320"
                    BASELINE="204 1463 901 1471 1647 1491 2170 1483" 
                    HPOS="204"
                    VPOS="1407"
                    WIDTH="1966"
                    HEIGHT="117">
            <Shape><Polygon POINTS="204 1463 206 1500 277 1481 347 1493 349 1493 409 1485 441 1500 443 1500 444 1500 446 1500 472 1493 495 1500 505 1504 507 1504 509 1504 511 1504 521 1500 552 1487 874 1487 923 1500 952 1510 954 1510 956 1512 1044 1512 1044 1510 1046 1510 1069 1500 1092 1493 1157 1500 1252 1514 1254 1514 1256 1514 1290 1500 1303 1496 1317 1500 1362 1516 1364 1516 1366 1516 1452 1500 1473 1498 1549 1500 1588 1502 1612 1518 1614 1518 1615 1518 1617 1518 1678 1508 1694 1520 1696 1520 1697 1520 1699 1520 1776 1512 1848 1522 1850 1524 1979 1524 1979 1522 1980 1522 2018 1502 2053 1514 2055 1514 2057 1514 2168 1500 2170 1483 2168 1430 1973 1428 1971 1428 1969 1428 1967 1428 1928 1448 1902 1436 1900 1436 1898 1436 1897 1436 1865 1450 1799 1440 1797 1440 1684 1452 1555 1452 1463 1432 1418 1432 1416 1432 1414 1432 1413 1432 1385 1448 1309 1448 1288 1434 1286 1434 1284 1434 1282 1434 1239 1440 1110 1424 1038 1416 1036 1416 1034 1416 1016 1424 973 1444 934 1444 903 1424 895 1418 893 1418 891 1418 889 1418 856 1424 763 1440 737 1422 722 1413 720 1413 718 1413 716 1413 714 1413 685 1422 640 1438 532 1438 505 1422 493 1416 491 1416 489 1416 464 1422 403 1436 366 1420 333 1409 331 1409 226 1407 224 1407 222 1407 220 1407 204 1416 204 1463"/></Shape>
	    <String CONTENT="de parx de la Velle fantort du port Louis et Contevant"
                    HPOS="204"
                    VPOS="1407"
                    WIDTH="1966"
                    HEIGHT="117"
                    WC="0.9722772262714527"></String>
          </TextLine>
          <TextLine ID="eSc_line_f7dab1f9"
                    TAGREFS="LT320"
                    BASELINE="204 1543 770 1547 1044 1567 1329 1569 1594 1582 2199 1571" 
                    HPOS="202"
                    VPOS="1494"
                    WIDTH="1997"
                    HEIGHT="104">
            <Shape><Polygon POINTS="204 1543 202 1563 446 1574 448 1574 575 1569 626 1567 632 1569 659 1582 661 1582 663 1582 665 1582 694 1571 698 1569 839 1569 852 1573 899 1586 901 1586 903 1586 905 1586 946 1573 964 1569 985 1574 1063 1594 1065 1594 1067 1594 1069 1594 1141 1576 1147 1574 1153 1576 1182 1588 1184 1588 1186 1588 1493 1584 1514 1596 1516 1596 1518 1596 1520 1598 1686 1598 1686 1596 1688 1596 1690 1596 1709 1584 1727 1596 1729 1596 1731 1596 1817 1598 1818 1598 2197 1588 2199 1571 2197 1518 2133 1506 2131 1506 2129 1506 2101 1516 2057 1534 2021 1516 2006 1508 2004 1508 2002 1508 2000 1508 1998 1508 1986 1516 1971 1526 1906 1530 1793 1516 1750 1510 1748 1510 1746 1510 1733 1514 1682 1535 1479 1535 1448 1516 1446 1516 1444 1516 1442 1516 1440 1516 1409 1534 1106 1534 1065 1512 1053 1506 1051 1506 1050 1506 1048 1506 1036 1512 995 1530 962 1510 938 1498 936 1498 934 1498 811 1506 587 1496 585 1496 583 1496 581 1496 562 1508 427 1496 425 1496 331 1508 323 1508 320 1508 263 1494 261 1494 204 1506 204 1543"/></Shape>
	    <String CONTENT="entrantos disposetious legs nniversil en farteur des ente"
                    HPOS="202"
                    VPOS="1494"
                    WIDTH="1997"
                    HEIGHT="104"
                    WC="0.972673611682758"></String>
          </TextLine>
          <TextLine ID="eSc_line_7e354448"
                    TAGREFS="LT320"
                    BASELINE="202 1633 653 1633 1664 1664 2178 1651" 
                    HPOS="202"
                    VPOS="1565"
                    WIDTH="1976"
                    HEIGHT="129">
            <Shape><Polygon POINTS="202 1633 202 1651 242 1647 253 1653 282 1666 284 1666 286 1666 400 1655 464 1647 530 1655 562 1658 564 1658 614 1656 710 1651 722 1656 739 1666 741 1666 743 1666 804 1658 845 1653 854 1658 874 1672 876 1672 878 1672 880 1672 1315 1668 1348 1682 1350 1682 1352 1682 1354 1682 1397 1666 1520 1686 1522 1686 1582 1676 1596 1686 1598 1686 1600 1686 1941 1694 1943 1694 2176 1672 2178 1651 2176 1610 2057 1608 2055 1608 2053 1608 2051 1608 2035 1617 1979 1608 1887 1590 1885 1590 1883 1590 1881 1590 1854 1606 1822 1623 1625 1621 1592 1604 1582 1600 1580 1600 1578 1600 1576 1600 1569 1604 1541 1619 1473 1619 1444 1604 1428 1594 1426 1594 1366 1586 1364 1586 1362 1586 1325 1602 1297 1614 1131 1614 1112 1600 1081 1580 1079 1580 1077 1580 991 1574 876 1574 874 1574 872 1574 870 1574 837 1594 767 1588 765 1588 716 1598 681 1604 669 1596 626 1569 624 1569 622 1569 511 1567 509 1567 507 1567 482 1578 402 1565 400 1565 308 1588 202 1592 202 1633"/></Shape>
	    <String CONTENT="de sn Jracn et ditianne nuchel ses deux frerer et"
                    HPOS="202"
                    VPOS="1565"
                    WIDTH="1976"
                    HEIGHT="129"
                    WC="0.9562980873244149"></String>
          </TextLine>
          <TextLine ID="eSc_line_b51590d9"
                    TAGREFS="LT320"
                    BASELINE="204 1695 948 1711" 
                    HPOS="202"
                    VPOS="1653"
                    WIDTH="746"
                    HEIGHT="93">
            <Shape><Polygon POINTS="204 1695 202 1717 214 1727 214 1729 216 1729 218 1729 220 1729 222 1729 224 1729 238 1717 255 1729 257 1729 259 1729 261 1729 263 1729 300 1719 421 1729 423 1729 558 1721 620 1721 636 1735 638 1735 640 1735 642 1735 683 1729 696 1740 696 1742 698 1742 700 1742 854 1746 856 1746 858 1746 897 1729 946 1729 948 1711 948 1676 919 1658 917 1658 915 1658 854 1656 731 1655 729 1655 727 1655 688 1672 671 1680 651 1670 618 1653 616 1653 614 1653 612 1653 571 1668 548 1676 298 1674 204 1656 204 1695"/></Shape>
	    <String CONTENT="nomemation des fétoyenr"
                    HPOS="202"
                    VPOS="1653"
                    WIDTH="746"
                    HEIGHT="93"
                    WC="0.9875040339386981"></String>
          </TextLine>
          <TextLine ID="eSc_line_234e1515"
                    TAGREFS="LT320"
                    BASELINE="985 1723 1083 1735 1463 1742 1639 1760 1967 1748 2191 1725" 
                    HPOS="983"
                    VPOS="1670"
                    WIDTH="1208"
                    HEIGHT="129">
            <Shape><Polygon POINTS="985 1723 985 1758 1050 1758 1053 1758 1069 1770 1071 1770 1073 1770 1075 1770 1077 1770 1116 1758 1118 1758 1120 1758 1174 1776 1176 1776 1178 1777 1231 1777 1231 1776 1233 1776 1278 1758 1305 1776 1307 1776 1309 1776 1311 1776 1399 1764 1469 1797 1471 1797 1473 1799 1578 1799 1578 1797 1580 1797 1582 1797 1582 1795 1592 1787 1602 1797 1604 1797 1606 1797 1608 1799 1688 1799 1688 1797 1690 1797 1736 1785 1826 1795 1828 1795 1830 1795 1832 1795 1832 1793 1848 1779 1924 1777 1926 1777 1928 1777 1928 1776 1943 1760 1984 1783 1986 1783 1988 1783 1990 1783 1992 1783 1992 1781 2010 1766 2189 1750 2191 1725 2187 1678 2121 1670 2119 1670 2117 1670 2100 1678 2043 1707 1977 1715 1928 1715 1902 1692 1900 1692 1898 1692 1897 1692 1895 1692 1893 1692 1893 1694 1871 1715 1573 1715 1539 1688 1526 1674 1524 1674 1522 1674 1432 1674 1430 1674 1428 1674 1426 1674 1403 1690 1389 1699 1299 1699 1292 1692 1276 1678 1276 1676 1274 1676 1272 1676 1270 1676 1268 1676 1219 1692 1182 1676 1180 1676 1178 1676 1176 1676 1174 1676 1149 1694 1130 1678 1130 1676 1128 1676 1126 1676 1042 1676 1040 1676 1038 1676 1036 1676 1014 1695 1009 1699 983 1697 985 1723"/></Shape>
	    <String CONTENT="Rechard et Déry pour ses exccution"
                    HPOS="983"
                    VPOS="1670"
                    WIDTH="1208"
                    HEIGHT="129"
                    WC="0.9813513054567224"></String>
          </TextLine>
          <TextLine ID="eSc_line_580c672c"
                    TAGREFS="LT320"
                    BASELINE="220 1774 630 1785" 
                    HPOS="218"
                    VPOS="1717"
                    WIDTH="412"
                    HEIGHT="88">
            <Shape><Polygon POINTS="220 1774 218 1789 288 1803 626 1805 630 1785 630 1742 569 1742 562 1738 534 1723 532 1723 530 1723 423 1731 388 1733 374 1729 347 1717 345 1717 343 1717 341 1717 325 1725 316 1731 220 1721 220 1774"/></Shape>
	    <String CONTENT="testamantaires"
                    HPOS="218"
                    VPOS="1717"
                    WIDTH="412"
                    HEIGHT="88"
                    WC="0.9961790442466736"></String>
          </TextLine>
          <TextLine ID="eSc_line_aa4ff7b7"
                    TAGREFS="LT320"
                    BASELINE="339 1869 1865 1887 2201 1863" 
                    HPOS="337"
                    VPOS="1801"
                    WIDTH="1864"
                    HEIGHT="115">
            <Shape><Polygon POINTS="339 1869 337 1883 499 1891 519 1904 521 1904 523 1904 525 1904 646 1887 647 1887 649 1887 942 1908 944 1908 1012 1893 1094 1902 1096 1902 1098 1902 1120 1893 1194 1910 1196 1910 1301 1906 1303 1906 1305 1906 1325 1895 1498 1910 1500 1910 1502 1910 1535 1898 1614 1908 1615 1908 1617 1908 1647 1895 1670 1895 1694 1895 1696 1895 1729 1914 1731 1914 1733 1914 1949 1916 1951 1916 2199 1897 2201 1863 2199 1815 2060 1815 2059 1815 2057 1815 2014 1836 1932 1822 1930 1822 1705 1842 1567 1838 1518 1811 1516 1811 1514 1811 1512 1811 1510 1811 1506 1811 1438 1838 1276 1828 1274 1828 1227 1838 1131 1838 1081 1811 1079 1811 1077 1811 1075 1811 991 1826 958 1811 948 1805 946 1805 848 1805 847 1805 845 1805 843 1805 837 1809 806 1828 759 1809 757 1809 755 1809 753 1809 751 1809 749 1809 718 1830 618 1832 567 1828 536 1809 532 1805 530 1805 528 1805 526 1805 525 1805 515 1809 472 1828 433 1809 417 1801 415 1801 413 1801 339 1807 339 1869"/></Shape>
	    <String CONTENT="Du Depot de la quelle peu le dit conmont a Requie"
                    HPOS="337"
                    VPOS="1801"
                    WIDTH="1864"
                    HEIGHT="115"
                    WC="0.972372045930551"></String>
          </TextLine>
          <TextLine ID="eSc_line_0e389647"
                    TAGREFS="LT320"
                    BASELINE="216 1945 1516 1978 1900 1977 2197 1951" 
                    HPOS="214"
                    VPOS="1885"
                    WIDTH="1983"
                    HEIGHT="134">
            <Shape><Polygon POINTS="216 1945 214 1957 318 1959 392 1982 394 1982 396 1982 398 1982 429 1975 517 1994 519 1994 675 1986 694 1998 696 1998 698 1998 807 2000 809 2000 811 2000 901 1971 903 1971 905 1971 1032 1988 1034 1988 1098 1978 1135 1992 1137 1992 1139 1992 1237 1982 1282 2000 1284 2000 1286 2000 1288 2000 1323 1986 1373 2002 1375 2002 1377 2002 1555 1988 1580 2004 1582 2004 1584 2004 1586 2004 1588 2004 1612 1998 1666 2016 1668 2016 1766 2018 1768 2019 1818 2019 1818 2018 1820 2018 1822 2018 1856 1998 1918 2004 1920 2004 1922 2004 1955 1990 2193 1992 2197 1951 2193 1910 2055 1908 2053 1908 2051 1908 2049 1908 1998 1936 1873 1938 1822 1938 1791 1918 1789 1918 1787 1918 1785 1918 1783 1918 1754 1926 1721 1910 1719 1910 1717 1910 1715 1910 1651 1934 1549 1934 1493 1926 1463 1908 1446 1897 1444 1897 1442 1897 1309 1895 1307 1895 1305 1895 1278 1908 1256 1918 1171 1918 1151 1906 1116 1891 1114 1891 1112 1891 1042 1904 1010 1889 1009 1889 1007 1889 1005 1889 964 1906 934 1920 880 1908 878 1908 876 1908 854 1918 800 1914 776 1906 700 1885 698 1885 696 1885 694 1885 647 1897 503 1887 501 1887 499 1887 460 1906 454 1908 448 1906 403 1887 402 1887 400 1887 398 1887 337 1906 325 1908 216 1906 216 1945"/></Shape>
	    <String CONTENT="a lui artroyé par les dits notaires Soussignes et de faut"
                    HPOS="214"
                    VPOS="1885"
                    WIDTH="1983"
                    HEIGHT="134"
                    WC="0.9727758367856344"></String>
          </TextLine>
          <TextLine ID="eSc_line_a43c185b"
                    TAGREFS="LT320"
                    BASELINE="218 2014 886 2041 1231 2043 1444 2062 1639 2068 1945 2060 2181 2027" 
                    HPOS="216"
                    VPOS="1969"
                    WIDTH="1965"
                    HEIGHT="123">
            <Shape><Polygon POINTS="218 2014 216 2031 443 2045 444 2045 485 2037 517 2059 519 2059 521 2059 523 2059 525 2059 569 2045 651 2057 653 2057 655 2057 700 2041 727 2055 729 2055 891 2066 893 2066 895 2066 936 2047 989 2047 1030 2060 1032 2060 1364 2064 1395 2084 1397 2084 1399 2084 1846 2092 1848 2092 2180 2064 2181 2027 2176 2002 2019 2000 2018 2000 2016 2000 1965 2016 1934 2008 1932 2008 1930 2008 1928 2008 1887 2031 1848 2031 1623 2027 1573 2012 1571 2012 1569 2012 1567 2012 1535 2023 1469 1990 1467 1990 1434 1990 1432 1990 1430 1990 1373 2018 1336 2000 1334 2000 1332 2000 1208 2016 1139 2002 1137 2002 958 2014 876 1988 874 1988 872 1988 646 2008 509 1988 489 1973 487 1973 485 1973 218 1969 218 2014"/></Shape>
	    <String CONTENT="la ditte pure à été anurie a la peciere iautes de"
                    HPOS="216"
                    VPOS="1969"
                    WIDTH="1965"
                    HEIGHT="123"
                    WC="0.9598564335278102"></String>
          </TextLine>
          <TextLine ID="eSc_line_86011613"
                    TAGREFS="LT320"
                    BASELINE="201 2090 530 2094 1092 2115 1621 2152 1883 2150 2166 2127" 
                    HPOS="199"
                    VPOS="2037"
                    WIDTH="1967"
                    HEIGHT="146">
            <Shape><Polygon POINTS="201 2090 199 2127 238 2129 240 2129 242 2129 243 2129 277 2111 361 2123 363 2123 364 2123 400 2111 681 2117 776 2135 778 2135 1003 2133 1044 2142 1087 2154 1089 2154 1090 2154 1092 2154 1131 2144 1171 2135 1192 2146 1198 2148 1200 2148 1202 2150 1372 2150 1432 2164 1434 2164 1516 2152 1549 2168 1551 2168 1848 2178 1850 2178 1852 2178 1891 2168 2037 2183 2039 2183 2164 2162 2166 2127 2164 2082 2025 2078 2023 2078 2021 2078 2018 2078 1971 2094 1914 2086 1912 2086 1910 2086 1842 2109 1774 2096 1772 2096 1770 2096 1729 2109 1354 2099 1299 2066 1282 2057 1280 2057 1278 2057 1276 2057 1274 2057 1241 2066 1211 2074 1161 2064 1069 2049 981 2047 979 2047 915 2060 891 2066 884 2060 870 2051 868 2051 866 2051 683 2037 681 2037 679 2037 608 2057 564 2068 532 2055 530 2055 528 2055 526 2055 525 2055 523 2055 497 2066 480 2055 478 2055 476 2055 474 2055 472 2055 444 2068 322 2066 300 2051 288 2043 286 2043 284 2043 282 2043 201 2049 201 2090"/></Shape>
	    <String CONTENT="presentes au Registre du dit Bruu après avoir eté certefe"
                    HPOS="199"
                    VPOS="2037"
                    WIDTH="1967"
                    HEIGHT="146"
                    WC="0.9839781930572108"></String>
          </TextLine>
          <TextLine ID="eSc_line_0ddce4cf"
                    TAGREFS="LT320"
                    BASELINE="210 2170 636 2178 854 2197 1668 2226 1963 2222 2193 2197" 
                    HPOS="208"
                    VPOS="2113"
                    WIDTH="1985"
                    HEIGHT="152">
            <Shape><Polygon POINTS="208 2187 263 2189 292 2211 294 2211 296 2211 298 2211 372 2195 538 2195 540 2195 540 2197 605 2211 606 2211 702 2201 811 2236 813 2236 815 2236 817 2236 889 2215 958 2240 960 2240 962 2240 1106 2222 1202 2246 1204 2246 1206 2246 1299 2244 1301 2244 1352 2228 1405 2244 1407 2244 1409 2244 1469 2230 1582 2248 1584 2248 1586 2248 1610 2236 1639 2256 1641 2256 1643 2256 1645 2256 1809 2248 1881 2260 1883 2260 1885 2260 1926 2240 2023 2265 2025 2265 2027 2265 2029 2265 2100 2234 2189 2234 2193 2197 2189 2158 2121 2172 2088 2160 2086 2160 2084 2160 2082 2160 2080 2160 2037 2185 2006 2166 2004 2166 2002 2166 2000 2166 1701 2178 1586 2164 1584 2164 1582 2164 1563 2174 1455 2174 1405 2152 1403 2152 1401 2152 1399 2152 1362 2168 1235 2158 1233 2158 1231 2158 1208 2166 1141 2139 1133 2135 1131 2135 1130 2135 1106 2137 960 2158 874 2133 860 2129 858 2129 856 2129 854 2129 841 2133 817 2139 806 2131 796 2125 794 2125 792 2125 517 2119 515 2119 513 2119 511 2119 501 2125 480 2139 403 2146 349 2123 329 2115 327 2115 271 2113 269 2113 267 2113 265 2113 253 2121 240 2129 212 2121 210 2170 208 2187"/></Shape>
	    <String CONTENT="Suiere Siguée et parraphée par le Dit famnont en preu"
                    HPOS="208"
                    VPOS="2113"
                    WIDTH="1985"
                    HEIGHT="152"
                    WC="0.9643269889759567"></String>
          </TextLine>
          <TextLine ID="eSc_line_d1ca2535"
                    TAGREFS="LT320"
                    BASELINE="218 2238 1225 2275" 
                    HPOS="216"
                    VPOS="2191"
                    WIDTH="1009"
                    HEIGHT="111">
            <Shape><Polygon POINTS="218 2238 216 2252 279 2271 281 2271 282 2271 343 2260 372 2279 374 2279 376 2279 378 2279 380 2279 403 2267 577 2267 591 2279 593 2279 595 2279 597 2279 599 2279 630 2271 649 2287 649 2289 651 2289 653 2289 655 2289 657 2289 686 2273 712 2291 714 2291 716 2291 800 2295 802 2295 804 2295 806 2295 829 2277 913 2293 915 2293 999 2285 1172 2302 1174 2302 1176 2302 1223 2289 1225 2275 1225 2220 1139 2219 1137 2219 1135 2219 1133 2219 1118 2232 1059 2217 1048 2215 1046 2215 1044 2215 1042 2215 1032 2217 975 2234 825 2230 809 2215 804 2209 804 2207 802 2207 800 2207 798 2207 796 2207 794 2207 784 2215 782 2215 780 2215 751 2203 749 2203 673 2201 671 2201 669 2201 634 2213 605 2220 526 2219 519 2211 509 2201 509 2199 507 2199 505 2199 427 2191 425 2191 423 2191 396 2203 364 2195 363 2195 361 2195 359 2195 357 2195 357 2197 345 2209 341 2211 279 2211 277 2207 263 2193 263 2191 261 2191 259 2191 257 2191 255 2191 218 2205 218 2238"/></Shape>
	    <String CONTENT="dis notaires Soussignes nevarceter"
                    HPOS="216"
                    VPOS="2191"
                    WIDTH="1009"
                    HEIGHT="111"
                    WC="0.9712455947609508"></String>
          </TextLine>
          <TextLine ID="eSc_line_ab402799"
                    TAGREFS="LT320"
                    BASELINE="355 2330 1619 2394 1883 2390 2197 2361" 
                    HPOS="353"
                    VPOS="2260"
                    WIDTH="1844"
                    HEIGHT="175">
            <Shape><Polygon POINTS="355 2330 353 2373 423 2351 534 2377 562 2382 564 2382 565 2382 577 2379 624 2357 665 2381 685 2390 686 2390 688 2390 690 2390 724 2381 772 2367 811 2379 813 2379 815 2379 817 2379 839 2369 882 2384 934 2402 936 2402 938 2402 940 2402 997 2386 1020 2381 1028 2386 1040 2396 1042 2396 1044 2396 1046 2396 1100 2388 1143 2382 1165 2390 1208 2406 1210 2406 1211 2406 1315 2392 1368 2386 1379 2394 1422 2422 1424 2422 1426 2422 1428 2422 1430 2422 1432 2422 1444 2414 1467 2423 1469 2423 1776 2435 1777 2435 1779 2435 1869 2406 1897 2404 1945 2402 2193 2410 2197 2361 2195 2330 1990 2322 1988 2322 1986 2322 1982 2324 1920 2355 1875 2355 1608 2318 1606 2318 1604 2318 1561 2332 1524 2316 1522 2316 1520 2316 1518 2316 1516 2316 1485 2336 1442 2308 1426 2299 1424 2299 1422 2299 1420 2299 1418 2299 1397 2306 1340 2332 1293 2332 1266 2332 1225 2302 1223 2302 1221 2302 1219 2302 1217 2302 1147 2324 1090 2301 1089 2301 1087 2301 1085 2301 1048 2314 964 2295 950 2293 948 2293 946 2293 944 2293 942 2295 905 2316 856 2302 854 2302 852 2302 850 2302 811 2312 622 2306 550 2283 470 2260 468 2260 466 2260 355 2277 355 2330"/></Shape>
	    <String CONTENT="fait et lassé au port Louis Jsle de France en le tode"
                    HPOS="353"
                    VPOS="2260"
                    WIDTH="1844"
                    HEIGHT="175"
                    WC="0.9847401414277419"></String>
          </TextLine>
          <TextLine ID="eSc_line_147275f9"
                    TAGREFS="LT320"
                    BASELINE="201 2398 491 2410 583 2427 817 2441 1434 2468" 
                    HPOS="199"
                    VPOS="2355"
                    WIDTH="1235"
                    HEIGHT="139">
            <Shape><Polygon POINTS="201 2398 199 2418 599 2437 651 2459 653 2459 655 2459 706 2451 942 2470 944 2470 946 2470 977 2459 1018 2476 1020 2476 1022 2476 1085 2468 1258 2486 1260 2486 1262 2486 1286 2472 1297 2484 1297 2486 1299 2486 1301 2486 1391 2494 1393 2494 1395 2494 1432 2476 1434 2468 1434 2420 1414 2406 1413 2406 1411 2406 1362 2406 1360 2406 1358 2406 1336 2418 1325 2423 1266 2416 1239 2412 1237 2412 1235 2412 1233 2412 1231 2414 1225 2420 1213 2414 1178 2394 1176 2394 1174 2394 1172 2394 1122 2410 1116 2410 1110 2408 1022 2386 1020 2386 1018 2386 1016 2386 966 2402 956 2406 946 2402 919 2390 917 2390 915 2390 868 2398 860 2400 858 2398 837 2384 835 2384 833 2384 831 2384 729 2386 706 2377 704 2377 702 2377 700 2377 673 2392 671 2392 569 2390 565 2386 530 2363 528 2363 526 2363 462 2361 460 2361 458 2361 456 2361 456 2363 441 2375 361 2355 359 2355 357 2355 355 2355 327 2377 238 2359 236 2359 234 2359 201 2371 201 2398"/></Shape>
	    <String CONTENT="en double umnute le deutx dit huit"
                    HPOS="199"
                    VPOS="2355"
                    WIDTH="1235"
                    HEIGHT="139"
                    WC="0.9858171782072853"></String>
          </TextLine>
          <TextLine ID="eSc_line_fcc3366c"
                    TAGREFS="LT320"
                    BASELINE="214 2476 394 2476 606 2492" 
                    HPOS="212"
                    VPOS="2418"
                    WIDTH="394"
                    HEIGHT="95">
            <Shape><Polygon POINTS="214 2476 212 2500 331 2488 366 2500 368 2500 370 2500 437 2494 456 2505 466 2513 468 2513 470 2513 472 2513 605 2507 606 2492 605 2447 425 2422 423 2422 300 2429 275 2418 273 2418 271 2418 269 2418 267 2418 267 2420 251 2431 214 2431 214 2476"/></Shape>
	    <String CONTENT="quatre Vingt"
                    HPOS="212"
                    VPOS="2418"
                    WIDTH="394"
                    HEIGHT="95"
                    WC="0.9450277437766393"></String>
          </TextLine>
          <TextLine ID="eSc_line_a0b16b26"
                    TAGREFS="LT320"
                    BASELINE="1479 2478 1779 2488 2078 2470" 
                    HPOS="1477"
                    VPOS="2412"
                    WIDTH="601"
                    HEIGHT="103">
            <Shape><Polygon POINTS="1479 2478 1479 2502 1526 2500 1530 2502 1549 2515 1551 2515 1553 2515 1555 2515 1881 2511 1883 2511 1926 2496 1932 2494 2018 2494 2029 2503 2031 2503 2033 2503 2035 2503 2037 2503 2078 2492 2078 2470 2074 2412 2014 2412 2012 2412 2010 2412 2008 2412 2008 2414 1982 2437 1955 2427 1953 2427 1951 2427 1949 2427 1920 2439 1768 2425 1766 2425 1764 2425 1762 2425 1742 2439 1723 2422 1721 2422 1719 2422 1717 2422 1715 2422 1713 2422 1713 2423 1701 2433 1690 2423 1688 2423 1686 2423 1684 2423 1682 2423 1680 2423 1658 2443 1625 2443 1578 2422 1576 2422 1477 2420 1479 2478"/></Shape>
	    <String CONTENT="de cembre auil s"
                    HPOS="1477"
                    VPOS="2412"
                    WIDTH="601"
                    HEIGHT="103"
                    WC="0.9800971634685993"></String>
          </TextLine>
          <TextLine ID="eSc_line_2aa6fd00"
                    TAGREFS="LT320"
                    BASELINE="669 2498 798 2511" 
                    HPOS="665"
                    VPOS="2449"
                    WIDTH="135"
                    HEIGHT="95">
            <Shape><Polygon POINTS="669 2498 665 2521 679 2533 681 2533 683 2533 685 2533 686 2533 706 2527 722 2523 790 2544 798 2511 800 2466 727 2449 726 2449 673 2453 669 2498"/></Shape>
	    <String CONTENT="toit"
                    HPOS="665"
                    VPOS="2449"
                    WIDTH="135"
                    HEIGHT="95"
                    WC="0.9985587745904922"></String>
          </TextLine>
          <TextLine ID="eSc_line_bf2d972d"
                    TAGREFS="LT320"
                    BASELINE="841 2521 1256 2539 1596 2572 1840 2576 2057 2566" 
                    HPOS="839"
                    VPOS="2468"
                    WIDTH="1218"
                    HEIGHT="135">
            <Shape><Polygon POINTS="841 2521 839 2533 968 2554 969 2554 971 2554 973 2554 995 2543 1155 2546 1161 2546 1161 2548 1227 2562 1229 2562 1231 2562 1249 2554 1268 2568 1270 2568 1272 2568 1274 2568 1346 2558 1569 2587 1571 2589 1871 2589 1922 2603 1924 2603 1926 2603 1928 2603 1965 2591 2019 2603 2021 2603 2023 2603 2055 2585 2057 2566 2051 2519 1998 2539 1973 2521 1971 2521 1969 2521 1967 2521 1795 2533 1762 2511 1752 2503 1750 2503 1748 2503 1746 2503 1744 2503 1729 2511 1692 2527 1625 2527 1610 2507 1600 2500 1600 2498 1598 2498 1596 2498 1571 2496 1522 2496 1520 2496 1518 2496 1516 2496 1500 2505 1491 2511 1475 2505 1459 2498 1457 2498 1455 2498 1454 2498 1440 2503 1414 2515 1307 2513 1278 2500 1254 2490 1252 2490 1251 2490 1249 2490 1223 2498 1211 2502 1200 2498 1131 2476 1130 2476 1079 2474 1077 2474 1075 2474 1073 2474 1051 2494 1050 2496 1048 2494 1028 2474 1028 2472 1026 2472 1024 2472 954 2468 952 2468 950 2468 903 2490 841 2490 841 2521"/></Shape>
	    <String CONTENT="lar deuxieme de la Republigne y"
                    HPOS="839"
                    VPOS="2468"
                    WIDTH="1218"
                    HEIGHT="135"
                    WC="0.9624248704602641"></String>
          </TextLine>
          <TextLine ID="eSc_line_cc9fb0c2"
                    TAGREFS="LT320"
                    BASELINE="216 2562 587 2564 765 2578 886 2599 1325 2617 1582 2642 2049 2646" 
                    HPOS="214"
                    VPOS="2515"
                    WIDTH="1835"
                    HEIGHT="156">
            <Shape><Polygon POINTS="216 2562 214 2576 394 2582 402 2585 415 2593 417 2593 581 2595 807 2595 823 2607 831 2613 833 2613 835 2613 936 2628 938 2628 940 2628 964 2617 1005 2617 1120 2617 1139 2623 1210 2642 1211 2642 1213 2642 1272 2634 1301 2646 1303 2646 1305 2646 1373 2640 1422 2650 1424 2650 1426 2650 1454 2638 1455 2638 1459 2638 1528 2660 1530 2660 1912 2671 1914 2671 1955 2664 1988 2658 2047 2667 2049 2646 2049 2599 1580 2595 1543 2580 1524 2574 1522 2574 1520 2574 1518 2574 1506 2580 1483 2589 1407 2589 1352 2574 1251 2546 1249 2546 1247 2546 1112 2564 1046 2544 1044 2544 1042 2544 991 2554 893 2535 891 2535 889 2535 841 2556 837 2558 833 2556 815 2541 813 2541 811 2541 809 2541 737 2546 694 2525 692 2525 690 2525 450 2527 378 2515 376 2515 374 2515 306 2537 304 2537 216 2535 216 2562"/></Shape>
	    <String CONTENT="a Seque les dens munutes minuttes des presenter. la"
                    HPOS="214"
                    VPOS="2515"
                    WIDTH="1835"
                    HEIGHT="156"
                    WC="0.9777222988652248"></String>
          </TextLine>
          <TextLine ID="eSc_line_804607f6"
                    TAGREFS="LT320"
                    BASELINE="2131 2607 2176 2603" 
                    HPOS="2125"
                    VPOS="2533"
                    WIDTH="51"
                    HEIGHT="88">
            <Shape><Polygon POINTS="2131 2607 2131 2621 2176 2615 2176 2603 2164 2533 2125 2548 2131 2607"/></Shape>
	    <String CONTENT="4"
                    HPOS="2125"
                    VPOS="2533"
                    WIDTH="51"
                    HEIGHT="88"
                    WC="0.9991506338119507"></String>
          </TextLine>
          <TextLine ID="eSc_line_a241475c"
                    TAGREFS="LT320"
                    BASELINE="201 2642 655 2646 1075 2665" 
                    HPOS="199"
                    VPOS="2585"
                    WIDTH="876"
                    HEIGHT="106">
            <Shape><Polygon POINTS="201 2642 199 2667 310 2677 312 2677 314 2677 327 2671 343 2664 435 2667 437 2667 439 2667 462 2658 579 2669 581 2669 622 2662 698 2677 700 2677 763 2665 776 2679 786 2689 786 2691 788 2691 790 2691 792 2691 850 2681 893 2675 1071 2685 1075 2665 1075 2609 1009 2607 1007 2607 1005 2607 1003 2607 1003 2609 979 2626 925 2609 923 2609 921 2609 919 2609 884 2624 862 2609 852 2601 850 2601 848 2601 847 2601 845 2601 825 2609 790 2623 776 2609 767 2601 767 2599 765 2599 763 2599 698 2597 696 2597 642 2609 603 2617 476 2617 460 2609 415 2591 413 2591 411 2591 409 2591 407 2591 407 2593 388 2609 386 2613 325 2613 298 2611 298 2609 277 2589 277 2587 275 2587 273 2587 230 2585 228 2585 226 2585 224 2585 201 2603 201 2642"/></Shape>
	    <String CONTENT="Desquelles a eté con trolle"
                    HPOS="199"
                    VPOS="2585"
                    WIDTH="876"
                    HEIGHT="106"
                    WC="0.9908290726167185"></String>
          </TextLine>
          <TextLine ID="eSc_line_a54cf583"
                    TAGREFS="LT320"
                    BASELINE="2154 2654 2183 2654" 
                    HPOS="2154"
                    VPOS="2615"
                    WIDTH="29"
                    HEIGHT="62">
            <Shape><Polygon POINTS="2154 2654 2154 2675 2181 2677 2183 2654 2181 2615 2154 2617 2154 2654"/></Shape>
	    <String CONTENT="8"
                    HPOS="2154"
                    VPOS="2615"
                    WIDTH="29"
                    HEIGHT="62"
                    WC="0.9999649524688721"></String>
          </TextLine>
          <TextLine ID="eSc_line_16e8a494"
                    TAGREFS="LT320"
                    BASELINE="1145 2675 1414 2693 1617 2720 1955 2708 2037 2693" 
                    HPOS="1145"
                    VPOS="2642"
                    WIDTH="892"
                    HEIGHT="105">
            <Shape><Polygon POINTS="1145 2675 1147 2732 1184 2708 1461 2718 1489 2728 1514 2738 1516 2738 1518 2738 1520 2738 1541 2728 1559 2720 1567 2728 1580 2740 1580 2742 1582 2742 1584 2742 1674 2744 1676 2744 1738 2732 1777 2745 1779 2745 1781 2745 1783 2745 1813 2736 1897 2745 1898 2745 1900 2745 1902 2745 1920 2734 1957 2747 1959 2747 1961 2747 1963 2747 2035 2724 2037 2693 2033 2662 1988 2656 1986 2656 1984 2656 1982 2656 1977 2660 1947 2677 1908 2664 1906 2664 1904 2664 1902 2664 1900 2664 1900 2665 1889 2675 1766 2669 1764 2669 1676 2679 1516 2677 1459 2650 1444 2642 1442 2642 1440 2642 1145 2642 1145 2675"/></Shape>
	    <String CONTENT="par Servier qui a marqu"
                    HPOS="1145"
                    VPOS="2642"
                    WIDTH="892"
                    HEIGHT="105"
                    WC="0.9790155369302501"></String>
          </TextLine>
          <TextLine ID="eSc_line_0299d094"
                    TAGREFS="LT320"
                    BASELINE="218 2724 686 2712" 
                    HPOS="216"
                    VPOS="2650"
                    WIDTH="470"
                    HEIGHT="97">
            <Shape><Polygon POINTS="218 2724 218 2747 686 2722 686 2712 685 2673 644 2650 642 2650 640 2650 605 2650 603 2650 601 2650 556 2671 528 2662 526 2662 525 2662 417 2667 405 2658 403 2658 402 2658 400 2658 343 2662 341 2662 339 2662 339 2664 318 2683 318 2685 216 2685 218 2724"/></Shape>
	    <String CONTENT="quarante Sols."
                    HPOS="216"
                    VPOS="2650"
                    WIDTH="470"
                    HEIGHT="97"
                    WC="0.9940517587321145"></String>
          </TextLine>
          <TextLine ID="eSc_line_277a7810"
                    TAGREFS="LT320"
                    BASELINE="509 2804 739 2810 903 2831 1092 2837 1571 2884 1738 2890" 
                    HPOS="507"
                    VPOS="2716"
                    WIDTH="1231"
                    HEIGHT="197">
            <Shape><Polygon POINTS="509 2804 507 2829 669 2824 767 2847 794 2853 1090 2876 1092 2876 1094 2876 1096 2876 1108 2868 1122 2861 1163 2872 1165 2872 1167 2872 1169 2872 1176 2872 1262 2870 1311 2882 1387 2900 1389 2900 1391 2900 1426 2888 1438 2886 1467 2892 1578 2913 1580 2913 1582 2913 1606 2904 1645 2913 1647 2913 1649 2913 1651 2913 1653 2913 1666 2904 1668 2904 1735 2907 1738 2890 1736 2827 1684 2845 1600 2837 1584 2818 1582 2818 1582 2816 1580 2816 1578 2816 1576 2816 1575 2816 1573 2816 1573 2818 1549 2833 1500 2831 1463 2810 1440 2798 1438 2798 1436 2798 1434 2798 1432 2798 1418 2808 1397 2822 1272 2814 1256 2798 1219 2763 1219 2761 1217 2761 1215 2761 1149 2761 1147 2761 1145 2761 1143 2761 1106 2788 1092 2798 1075 2786 1046 2769 1044 2769 1042 2769 1040 2769 1038 2769 1009 2779 969 2744 969 2742 968 2742 966 2742 964 2742 917 2749 899 2736 897 2736 895 2736 796 2730 794 2730 792 2730 790 2730 751 2753 727 2724 726 2724 726 2722 724 2722 722 2722 647 2716 646 2716 644 2716 573 2749 511 2751 509 2804"/></Shape>
	    <String CONTENT="fuit La Seueur des anneres"
                    HPOS="507"
                    VPOS="2716"
                    WIDTH="1231"
                    HEIGHT="197"
                    WC="0.982422791994535"></String>
          </TextLine>
          <TextLine ID="eSc_line_5331fcb2"
                    TAGREFS="LT320"
                    BASELINE="306 2945 729 2950 1366 3001 1756 3015 1959 3009 2021 3001 2109 2972 2191 2970" 
                    HPOS="304"
                    VPOS="2886"
                    WIDTH="1887"
                    HEIGHT="156">
            <Shape><Polygon POINTS="306 2945 304 2972 507 2960 591 2970 593 2970 595 2970 642 2956 675 2974 677 2974 679 2974 745 2970 772 2988 788 2997 790 2997 792 2997 794 2997 837 2989 880 2980 1038 2986 1069 2995 1139 3013 1141 3013 1260 3017 1262 3017 1264 3017 1311 3001 1356 3023 1358 3023 1360 3023 1362 3023 1414 3009 1666 3036 1668 3036 1670 3036 1707 3019 1750 3040 1752 3040 1795 3042 1797 3042 1986 3019 2006 3017 2187 3023 2191 2970 2144 2950 2012 2945 2010 2945 2008 2945 2006 2947 1965 2968 1631 2952 1629 2952 1627 2952 1576 2970 1506 2947 1504 2947 1502 2947 1442 2954 1332 2941 1331 2941 1329 2941 1274 2954 1217 2923 1215 2923 1213 2923 1211 2923 1210 2923 1208 2923 1186 2931 1163 2923 1139 2913 1137 2913 1135 2913 1133 2913 1108 2921 1073 2931 1044 2919 1038 2917 1036 2917 1034 2917 1032 2917 1028 2919 973 2943 884 2935 837 2913 817 2906 815 2906 813 2906 811 2906 796 2911 770 2925 747 2911 708 2886 706 2886 704 2886 702 2886 700 2886 653 2907 640 2915 628 2907 622 2904 620 2904 618 2904 616 2904 614 2904 612 2904 608 2907 587 2919 472 2906 470 2906 400 2917 357 2900 349 2898 347 2898 345 2898 308 2898 306 2945"/></Shape>
	    <String CONTENT="du nont du yere du fits et du S^t espret amoit"
                    HPOS="304"
                    VPOS="2886"
                    WIDTH="1887"
                    HEIGHT="156"
                    WC="0.962770511922629"></String>
          </TextLine>
          <TextLine ID="eSc_line_05c77789"
                    TAGREFS="LT320"
                    BASELINE="214 3019 860 3028 1071 3054 1520 3089 2201 3093" 
                    HPOS="212"
                    VPOS="2966"
                    WIDTH="1989"
                    HEIGHT="164">
            <Shape><Polygon POINTS="1461 3005 1442 3005 1422 3005 1373 3032 1327 3032 1223 3028 1165 2995 1151 2989 1149 2989 1147 2989 1096 2993 1094 2993 1090 2995 1051 3017 1012 2993 1003 2986 1001 2986 999 2986 960 2984 886 2982 884 2982 882 2982 864 2989 847 2999 806 2993 804 2993 802 2993 770 3003 737 2988 722 2980 720 2980 667 2976 581 2974 579 2974 577 2974 556 2984 546 2988 519 2984 444 2970 443 2970 394 2980 339 2993 312 2980 288 2966 286 2966 284 2966 214 2976 214 3019 212 3075 263 3048 316 3077 327 3083 329 3083 331 3083 333 3083 345 3077 413 3042 446 3042 860 3052 888 3066 889 3066 891 3066 1001 3058 1090 3089 1102 3093 1104 3093 1106 3093 1126 3091 1196 3077 1272 3093 1297 3097 1299 3097 1321 3093 1372 3083 1393 3095 1428 3112 1430 3112 1744 3120 1746 3120 1748 3120 1801 3101 1803 3101 1807 3101 1930 3126 2127 3130 2129 3130 2131 3130 2199 3107 2201 3093 2195 3017 2127 3052 2037 3040 2035 3040 1982 3048 1934 3021 1932 3021 1881 3021 1879 3021 1877 3021 1836 3042 1518 3036 1461 3005 1461 3005"/></Shape>
	    <String CONTENT="ge prene olivier michil Soussigné Gquorant à Lhevre fe"
                    HPOS="212"
                    VPOS="2966"
                    WIDTH="1989"
                    HEIGHT="164"
                    WC="0.9594599516303451"></String>
          </TextLine>
          <TextLine ID="eSc_line_34ce0070"
                    TAGREFS="LT320"
                    BASELINE="2129 3027 2162 3025" 
                    HPOS="2125"
                    VPOS="2984"
                    WIDTH="37"
                    HEIGHT="62">
            <Shape><Polygon POINTS="2129 3027 2129 3046 2162 3044 2162 3025 2156 2984 2125 2989 2129 3027"/></Shape>
	    <String CONTENT="4"
                    HPOS="2125"
                    VPOS="2984"
                    WIDTH="37"
                    HEIGHT="62"
                    WC="0.9999285936355591"></String>
          </TextLine>
          <TextLine ID="eSc_line_fd89a8d7"
                    TAGREFS="LT320"
                    BASELINE="144 3107 1206 3132" 
                    HPOS="142"
                    VPOS="3036"
                    WIDTH="1064"
                    HEIGHT="127">
            <Shape><Polygon POINTS="144 3107 142 3120 388 3148 390 3148 519 3132 552 3128 612 3134 688 3142 690 3142 714 3138 729 3134 737 3138 749 3144 751 3144 753 3144 755 3144 774 3138 792 3134 798 3140 817 3155 817 3157 819 3157 821 3157 903 3159 905 3159 907 3159 909 3159 923 3148 993 3161 995 3161 997 3161 1046 3148 1067 3161 1069 3161 1071 3161 1073 3161 1075 3161 1104 3153 1135 3163 1137 3163 1139 3163 1204 3149 1206 3132 1202 3066 1159 3087 1032 3068 1030 3068 1028 3068 1026 3068 1026 3069 1007 3089 960 3089 850 3085 827 3064 825 3062 823 3062 821 3062 714 3048 712 3048 710 3048 686 3056 552 3044 550 3044 548 3044 546 3044 521 3062 513 3068 415 3062 396 3062 394 3062 392 3062 390 3062 378 3073 308 3073 292 3062 261 3040 259 3040 257 3040 169 3036 167 3036 165 3036 163 3036 163 3038 144 3056 144 3107"/></Shape>
	    <String CONTENT="Bras, et Vontont au paravant"
                    HPOS="142"
                    VPOS="3036"
                    WIDTH="1064"
                    HEIGHT="127"
                    WC="0.9692831678049905"></String>
          </TextLine>
          <TextLine ID="eSc_line_14601d31"
                    TAGREFS="LT320"
                    BASELINE="1227 3163 1690 3187 2008 3179" 
                    HPOS="1227"
                    VPOS="3105"
                    WIDTH="781"
                    HEIGHT="111">
            <Shape><Polygon POINTS="1227 3163 1229 3200 1262 3181 1342 3200 1364 3204 1366 3204 1436 3200 1469 3198 1475 3200 1498 3208 1500 3208 1502 3208 1504 3208 1524 3200 1530 3198 1545 3200 1641 3212 1818 3216 1820 3216 1822 3216 1824 3216 1824 3214 1840 3200 1844 3196 2004 3198 2008 3179 2004 3138 1791 3144 1774 3134 1750 3116 1748 3116 1746 3116 1666 3114 1664 3114 1662 3114 1604 3132 1578 3138 1494 3138 1465 3136 1457 3128 1434 3109 1432 3109 1430 3109 1346 3105 1288 3105 1286 3105 1284 3105 1227 3124 1227 3163"/></Shape>
	    <String CONTENT="prébénir ce moinent et"
                    HPOS="1227"
                    VPOS="3105"
                    WIDTH="781"
                    HEIGHT="111"
                    WC="0.9987296705896204"></String>
          </TextLine>
          <TextLine ID="eSc_line_a08c8688"
                    TAGREFS="LT320"
                    BASELINE="214 3185 419 3181" 
                    HPOS="212"
                    VPOS="3130"
                    WIDTH="207"
                    HEIGHT="78">
            <Shape><Polygon POINTS="214 3185 214 3200 312 3208 314 3208 419 3192 419 3181 411 3132 382 3144 351 3136 318 3130 316 3130 212 3148 214 3185"/></Shape>
	    <String CONTENT="autant"
                    HPOS="212"
                    VPOS="3130"
                    WIDTH="207"
                    HEIGHT="78"
                    WC="0.9989090462525686"></String>
          </TextLine>
          <TextLine ID="eSc_line_9aed9948"
                    TAGREFS="LT320"
                    BASELINE="489 3204 817 3204 1028 3222 1239 3226" 
                    HPOS="487"
                    VPOS="3151"
                    WIDTH="752"
                    HEIGHT="108">
            <Shape><Polygon POINTS="489 3204 487 3245 567 3247 569 3247 571 3247 573 3247 575 3245 608 3218 726 3218 733 3228 735 3228 735 3230 737 3230 739 3230 741 3230 864 3222 889 3243 901 3253 901 3255 903 3255 905 3255 907 3255 991 3251 993 3251 995 3251 1009 3241 1016 3237 1026 3241 1067 3259 1069 3259 1071 3259 1073 3259 1075 3259 1102 3241 1118 3233 1235 3239 1239 3226 1239 3189 1213 3189 1213 3187 1192 3167 1192 3165 1190 3165 1188 3165 1149 3163 1147 3163 1145 3163 1143 3163 1143 3165 1122 3185 1001 3185 993 3183 815 3155 739 3155 737 3155 735 3155 686 3175 651 3151 649 3151 647 3151 616 3151 614 3151 612 3151 610 3151 610 3153 595 3167 540 3161 538 3161 489 3171 489 3204"/></Shape>
	    <String CONTENT="quel m&#x27;est passible"
                    HPOS="487"
                    VPOS="3151"
                    WIDTH="752"
                    HEIGHT="108"
                    WC="0.9917182828250685"></String>
          </TextLine>
          <TextLine ID="eSc_line_d9b49107"
                    TAGREFS="LT320"
                    BASELINE="2033 3226 2205 3214" 
                    HPOS="2029"
                    VPOS="3167"
                    WIDTH="176"
                    HEIGHT="78">
            <Shape><Polygon POINTS="2033 3226 2035 3245 2092 3231 2203 3233 2205 3214 2193 3167 2166 3185 2133 3177 2113 3173 2111 3173 2109 3173 2107 3173 2107 3175 2100 3183 2096 3187 2029 3192 2033 3226"/></Shape>
	    <String CONTENT="dne"
                    HPOS="2029"
                    VPOS="3167"
                    WIDTH="176"
                    HEIGHT="78"
                    WC="0.9910440246264139"></String>
          </TextLine>
          <TextLine ID="eSc_line_dafde7ca"
                    TAGREFS="LT320"
                    BASELINE="1274 3247 1467 3261" 
                    HPOS="1272"
                    VPOS="3190"
                    WIDTH="195"
                    HEIGHT="96">
            <Shape><Polygon POINTS="1274 3247 1272 3274 1381 3270 1461 3286 1467 3261 1467 3226 1418 3224 1416 3220 1393 3198 1393 3196 1391 3196 1389 3196 1387 3196 1385 3196 1362 3208 1336 3190 1334 3190 1332 3190 1331 3190 1329 3190 1276 3204 1274 3247"/></Shape>
	    <String CONTENT="fordre"
                    HPOS="1272"
                    VPOS="3190"
                    WIDTH="195"
                    HEIGHT="96"
                    WC="0.9861530264218649"></String>
          </TextLine>
          <TextLine ID="eSc_line_aff91869"
                    TAGREFS="LT320"
                    BASELINE="1491 3261 2002 3265" 
                    HPOS="1489"
                    VPOS="3216"
                    WIDTH="513"
                    HEIGHT="88">
            <Shape><Polygon POINTS="1491 3261 1489 3272 1547 3290 1549 3290 1551 3290 1723 3276 1766 3302 1768 3302 1770 3302 1772 3302 1852 3290 1863 3300 1863 3302 1865 3302 1867 3302 1869 3304 1932 3304 1932 3302 1934 3302 1936 3302 1936 3300 1959 3278 2000 3278 2002 3265 1998 3218 1898 3224 1897 3224 1895 3224 1871 3239 1822 3228 1820 3228 1818 3228 1754 3239 1596 3239 1586 3231 1569 3216 1567 3216 1565 3216 1563 3216 1561 3216 1491 3233 1491 3261"/></Shape>
	    <String CONTENT="dans vyn aff"
                    HPOS="1489"
                    VPOS="3216"
                    WIDTH="513"
                    HEIGHT="88"
                    WC="0.9969805181026459"></String>
          </TextLine>
          <TextLine ID="eSc_line_6174fc0f"
                    TAGREFS="LT320"
                    BASELINE="228 3263 804 3276 1014 3296 1229 3304 1504 3339 1666 3347 1879 3341 2103 3300" 
                    HPOS="228"
                    VPOS="3218"
                    WIDTH="1875"
                    HEIGHT="148">
            <Shape><Polygon POINTS="1998 3265 1984 3265 1922 3296 1846 3296 1791 3284 1789 3284 1588 3288 1498 3274 1496 3274 1494 3274 1475 3284 1329 3284 1219 3263 1184 3239 1182 3239 1180 3239 1178 3239 1176 3239 1126 3253 1030 3235 1028 3235 1026 3235 962 3255 813 3230 807 3230 806 3230 796 3230 554 3245 228 3218 228 3263 228 3280 261 3280 265 3282 308 3306 310 3306 312 3306 314 3306 353 3284 359 3282 552 3284 558 3288 605 3308 606 3308 608 3308 683 3290 690 3290 704 3292 811 3306 813 3306 942 3298 983 3319 985 3319 987 3319 1073 3306 1182 3327 1184 3327 1245 3315 1331 3354 1332 3354 1334 3354 1405 3345 1440 3356 1442 3356 1846 3366 1848 3366 2101 3319 2103 3300 2100 3259 2006 3257 2004 3257 2002 3257 1998 3257 1998 3265"/></Shape>
	    <String CONTENT="desposant generatenant de tout ce qui pent néspparteuis"
                    HPOS="228"
                    VPOS="3218"
                    WIDTH="1875"
                    HEIGHT="148"
                    WC="0.9542437499219721"></String>
          </TextLine>
          <TextLine ID="eSc_line_9034db4d"
                    TAGREFS="LT320"
                    BASELINE="2183 3298 2195 3296" 
                    HPOS="2176"
                    VPOS="3257"
                    WIDTH="21"
                    HEIGHT="68">
            <Shape><Polygon POINTS="2183 3298 2191 3325 2197 3319 2195 3296 2181 3257 2176 3259 2183 3298"/></Shape>
	    <String CONTENT="1"
                    HPOS="2176"
                    VPOS="3257"
                    WIDTH="21"
                    HEIGHT="68"
                    WC="0.9994195699691772"></String>
          </TextLine>
          <TextLine ID="eSc_line_dd32e5f4"
                    TAGREFS="LT320"
                    BASELINE="212 3341 940 3356" 
                    HPOS="210"
                    VPOS="3278"
                    WIDTH="730"
                    HEIGHT="104">
            <Shape><Polygon POINTS="212 3341 210 3370 242 3372 243 3372 245 3372 247 3372 247 3370 265 3354 415 3356 427 3370 433 3374 433 3376 435 3376 437 3376 439 3376 482 3368 528 3360 546 3368 573 3380 575 3380 577 3380 657 3366 679 3364 685 3366 712 3382 714 3382 716 3382 718 3382 765 3366 767 3366 772 3366 895 3380 897 3380 899 3380 938 3364 940 3356 940 3311 839 3290 782 3290 780 3290 778 3290 735 3306 720 3311 618 3311 606 3304 579 3284 577 3284 575 3284 573 3284 571 3284 569 3284 542 3302 530 3310 495 3310 482 3302 468 3292 466 3292 464 3292 462 3292 372 3298 306 3304 298 3298 281 3280 281 3278 279 3278 277 3278 228 3278 226 3278 224 3278 222 3278 222 3280 212 3288 212 3341"/></Shape>
	    <String CONTENT="Jour et quil u provant"
                    HPOS="210"
                    VPOS="3278"
                    WIDTH="730"
                    HEIGHT="104"
                    WC="0.9858288602395491"></String>
          </TextLine>
          <TextLine ID="eSc_line_dbe44252"
                    TAGREFS="LT320"
                    BASELINE="969 3364 1290 3390" 
                    HPOS="966"
                    VPOS="3317"
                    WIDTH="326"
                    HEIGHT="98">
            <Shape><Polygon POINTS="969 3364 966 3384 993 3395 995 3395 997 3395 999 3395 1020 3388 1022 3388 1024 3388 1063 3409 1065 3409 1067 3409 1110 3401 1137 3415 1139 3415 1141 3415 1143 3415 1165 3405 1288 3405 1290 3390 1292 3343 1163 3331 1161 3331 1159 3331 1157 3331 1151 3335 1143 3341 1122 3333 1073 3317 1071 3317 1069 3317 1067 3317 1038 3329 1032 3331 971 3327 969 3364"/></Shape>
	    <String CONTENT="uniquenent"
                    HPOS="966"
                    VPOS="3317"
                    WIDTH="326"
                    HEIGHT="98"
                    WC="0.9476381182670593"></String>
          </TextLine>
          <TextLine ID="eSc_line_94549c03"
                    TAGREFS="LT320"
                    BASELINE="1350 3405 1692 3413 2033 3390" 
                    HPOS="1348"
                    VPOS="3349"
                    WIDTH="685"
                    HEIGHT="93">
            <Shape><Polygon POINTS="1350 3405 1352 3442 1389 3427 1537 3434 1604 3436 1606 3436 1649 3429 1697 3419 1729 3425 1774 3432 1776 3432 2031 3409 2033 3390 2025 3352 2012 3360 2006 3352 2002 3351 2002 3349 2000 3349 1998 3349 1953 3349 1951 3349 1949 3349 1947 3349 1939 3354 1902 3376 1817 3360 1815 3360 1813 3360 1811 3360 1811 3362 1791 3380 1733 3380 1709 3362 1707 3362 1705 3362 1703 3362 1701 3362 1699 3362 1674 3384 1602 3384 1563 3358 1561 3358 1559 3358 1520 3358 1518 3358 1516 3358 1514 3358 1487 3382 1348 3362 1350 3405"/></Shape>
	    <String CONTENT="que des fraits de"
                    HPOS="1348"
                    VPOS="3349"
                    WIDTH="685"
                    HEIGHT="93"
                    WC="0.9947416116209591"></String>
          </TextLine>
          <TextLine ID="eSc_line_6159329f"
                    TAGREFS="LT320"
                    BASELINE="243 3411 642 3413 831 3423 979 3446 1192 3462 1489 3470" 
                    HPOS="243"
                    VPOS="3360"
                    WIDTH="1246"
                    HEIGHT="129">
            <Shape><Polygon POINTS="243 3411 245 3436 261 3425 282 3438 302 3452 304 3452 306 3452 308 3452 310 3452 331 3440 359 3427 675 3434 726 3454 727 3454 729 3454 790 3444 827 3462 847 3472 848 3472 850 3472 852 3472 870 3464 889 3454 903 3466 905 3466 907 3466 909 3466 911 3466 913 3466 946 3454 960 3468 966 3472 966 3473 968 3473 969 3473 971 3473 995 3470 1020 3464 1038 3472 1050 3475 1051 3475 1336 3485 1338 3485 1340 3485 1344 3483 1370 3472 1379 3481 1379 3483 1381 3483 1383 3483 1487 3489 1489 3470 1487 3432 1094 3421 1077 3409 1030 3378 1028 3378 1026 3378 1024 3378 1022 3378 1020 3378 983 3403 966 3415 938 3401 886 3374 884 3374 653 3366 651 3366 649 3366 647 3366 626 3384 620 3388 605 3382 554 3362 552 3362 489 3360 487 3360 485 3360 460 3374 444 3382 243 3362 243 3411"/></Shape>
	    <String CONTENT="propre Doue travaut Raison que me"
                    HPOS="243"
                    VPOS="3360"
                    WIDTH="1246"
                    HEIGHT="129"
                    WC="0.9464658561981085"></String>
          </TextLine>
          <TextLine ID="eSc_line_db79893a"
                    TAGREFS="LT320"
                    BASELINE="1530 3475 1809 3481 1982 3462 2117 3434 2197 3438" 
                    HPOS="1528"
                    VPOS="3376"
                    WIDTH="669"
                    HEIGHT="135">
            <Shape><Polygon POINTS="1530 3475 1530 3511 1539 3511 1578 3501 1602 3509 1610 3511 1612 3511 1614 3511 1727 3507 1729 3507 1754 3497 1777 3487 1789 3495 1801 3503 1803 3503 1805 3503 1807 3503 1877 3501 1982 3479 2029 3470 2113 3470 2115 3470 2137 3487 2139 3487 2140 3487 2142 3487 2144 3487 2197 3464 2197 3438 2193 3376 2084 3380 2082 3380 2055 3391 2004 3411 1963 3401 1959 3401 1957 3401 1955 3401 1951 3403 1875 3436 1830 3421 1828 3421 1826 3421 1717 3438 1699 3432 1692 3429 1690 3429 1688 3429 1686 3429 1684 3429 1678 3434 1662 3444 1619 3440 1565 3436 1563 3436 1561 3436 1528 3450 1530 3475"/></Shape>
	    <String CONTENT="perent na tureteur"
                    HPOS="1528"
                    VPOS="3376"
                    WIDTH="669"
                    HEIGHT="135"
                    WC="0.956821213165919"></String>
          </TextLine>
          <TextLine ID="eSc_line_833b27cd"
                    TAGREFS="LT320"
                    BASELINE="218 3481 724 3497" 
                    HPOS="216"
                    VPOS="3429"
                    WIDTH="508"
                    HEIGHT="82">
            <Shape><Polygon POINTS="218 3481 216 3501 634 3511 646 3511 665 3511 685 3511 704 3511 720 3511 724 3497 724 3460 593 3440 591 3440 589 3440 587 3440 587 3442 575 3454 558 3454 452 3458 439 3450 411 3432 409 3432 407 3432 405 3432 403 3432 402 3432 378 3448 364 3456 286 3456 279 3446 263 3431 263 3429 261 3429 259 3429 257 3429 255 3429 218 3442 218 3481"/></Shape>
	    <String CONTENT="de la partager"
                    HPOS="216"
                    VPOS="3429"
                    WIDTH="508"
                    HEIGHT="82"
                    WC="0.9885790773800441"></String>
          </TextLine>
        </TextBlock>
        <TextBlock HPOS="2256"
                   VPOS="3114"
                   WIDTH="4"
                   HEIGHT="22"
                   ID="eSc_textblock_05211fb6"
                   TAGREFS="BT453">
          <Shape><Polygon POINTS="2260 3114 2260 3136 2256 3136 2256 3114 2260 3114"/></Shape>
        </TextBlock>
        <TextBlock HPOS="2256"
                   VPOS="3161"
                   WIDTH="4"
                   HEIGHT="29"
                   ID="eSc_textblock_8016059a"
                   TAGREFS="BT453">
          <Shape><Polygon POINTS="2260 3161 2260 3190 2256 3190 2256 3161 2260 3161"/></Shape>
        </TextBlock>
        <TextBlock HPOS="2256"
                   VPOS="3231"
                   WIDTH="4"
                   HEIGHT="22"
                   ID="eSc_textblock_047cb793"
                   TAGREFS="BT453">
          <Shape><Polygon POINTS="2260 3231 2260 3253 2256 3253 2256 3231 2260 3231"/></Shape>
        </TextBlock>
      </PrintSpace>
    </Page>
  </Layout>
</alto>
