2479 2783
592 157 1709 105 pelle Vis au se a lus umelte lepl s

573 233 1717 104 aicq melles le Vur run ante par t pe lece

564 318 1730 96 peavit d lte asille anny cent li tur quelle

552 400 1750 88 prant elle a comanct, a Vezu a lu ne de

527 488 1771 94 de lui seir prelent veune mailon, quele ent

525 568 1780 96 au Fie le luiia ae hette Eannie de ninoe

521 663 1390 85 lespeete de me e tite a lu Musii

477 786 1794 113 Getone au e mendigna fors desatotin

474 850 1825 119 naé elayende et le nounes rabitit et a

459 913 1854 139 Pcnte leporo le afen dir perenr de toite aen

459 989 1835 130 iir le leette alan lu ef ileur, decni cepre an l

439 1077 1872 133 Lellet en tutte sivante quinze ar bevent

434 1161 1879 140 lee Roter de plur eix milles presieru

422 1260 1893 136 qs le ille laller dle planit et suit

400 1348 1913 143 er sinteur que lont cur soit n

378 1433 1926 150 e sincut jeler fuir ce prelit prelentn

363 1543 1956 125 recnelane ce ca conteissi amon

965 1629 109 91 4

335 1750 1989 122 de la l vergne Gerar de teuité anm

327 1825 1992 137 net enlogé à la consigna toin p

317 1938 2007 130 duiii evecr teur lestementi n

309 2020 2009 144 le li tagne fore taitur aprer aue meht

286 2127 2022 141 le vere handliter quil y ama dant difer

310 2234 2012 116 enle en contianant de harte tontpuit

248 2331 2076 128 aura du merchanditer Se cyenat

357 2444 1958 117 e le au de mare handile elue

241 2554 2077 114 repeente porte on jefain tecither on les p

317 2654 2005 107 le tonter à soulprenter la on il aule
