3083 2479
2118 1 273 77 il qaat

1691 26 249 99 mil S9

143 145 65 86 3

2547 104 354 98 Pgslet

2914 247 27 53 4

256 304 779 84 Sa lut Es protution ; nous ayant

1442 198 1428 133 Vu Nepubligne francoise Pristante pau le Volonten

82 396 41 44 3

247 278 2583 170 dé Vepoéé pau riquite de le Francoyt (au fifoyen fuge du tribunal de prémiere astame de Cu

2886 309 38 84 8

2927 322 32 78 4

241 420 793 84 pourd lisé de la pars de Jeanie

236 472 797 81 Marqueritt prévort fille Myare

234 459 2720 159 nihelle Rosalie Frevot pourlr Devant Les Notairer Sublics a lJsle de France Soussigné

224 588 687 90 de Muches auqustiu, de sean

933 563 1998 115 farent Préients Pierre françoir Capirond, Citoyen de coufeur, et qul

214 644 682 90 officur au égment de Risle

205 705 650 82 de France, Jseurn mais

903 634 2036 139 Setepermol son épouse qu'il autorise à l'effet du treventer, Dun

187 767 704 86 Serancipée par Son Mariage

913 720 1948 132 eutemble en cette dite Jsle, quartier de Malabarde Poit du Nou

2886 765 100 88 du

196 816 706 101 asuste du dit deseeu Son

177 846 1258 130 More, L Françoise Loubette Parvisne St Luid.

183 937 719 112 révost felle Moure afriste

172 1001 745 95 dudit moches auqusticu difecn

995 932 2002 128 Lsquels étant en Parfaite Santé ; Considerants qu'ils n'out au

166 1031 2813 117 Sos suteur, lolites truis habils enfante, et voulant Se donner elee Marques de l'affaation Reuproqu

166 1123 2810 108 a S parter héritiir fhae se Pitent, en peveurant au survivant d'eux les Moyenr de vitre

148 1177 761 94 pous un Piors de de fun Sean

140 1216 2796 117 passieu urocost seur pere plut daitante, ine e sout Velontaireument fait Don parerre

139 1286 2671 103 Commisaire de la Marise Matuel, egaf et reaproque l'un à l'autre, et au Survivant

130 1360 681 105 que sus qu'a presont elles

2862 1360 128 53 8an

860 1370 2138 129 et acceptant Pour led. Survitant, d'uxile tout et chauuns lû l

123 1425 688 94 a out pres aueme quatite

123 1454 2889 138 an la Sucussion de leur pu Meublet et Conquete minseublgt que se trouveront appartenr a

114 1543 711 102 decédé il ya plevieurs année

867 1554 2148 102 premier Mourant, au pur de son déces, en quelquar lieum oeatron

112 1615 688 98 Sarsoant une suice soioe

844 1626 2150 116 aue lesdite Bienr Se tronveron assis et fitaés età quelque son

107 1717 2883 117 lont freancieres du shef de que letont luifse Monter ; tour Par ledit survivant en Jouir en resut

99 1813 2899 104 de sunte Marie Vosalie foulesent, Sa vie Durante, Joudtu Meunnoisi qu'auposu dudit Dond

93 1879 728 98 foufbien docedée Veuue dudit

816 1900 2169 123 n'y air aucune enfantd vivante nes on a naitre dle leur mari

85 1968 719 88 Jean Maltieu provort, L'eune

79 1999 2921 120 mire ; mais qu'au fourd mifd'Vour faire Qntiuer lar présenter au greffe du tribunal de

75 2123 701 80 ayant intires de prouder

819 2094 2186 160 Première ntaneeile cette de Jsles et partout ailleur où Bon

67 2198 722 78 a lla leqnidation de Velte

50 2261 748 111 de la sucusoirn de leuu pore
