2483 2583
707 222 1750 89 pourront Exiger nay personnee aucut compl que a

760 144 1674 99 Polontés entendant qu'aueure de mes ee crities a

694 297 1750 91 dqu il leur donieront démitié et qu'il Seront oblige

697 363 488 81 dapprouver em eu

693 433 1765 93 lamitie et Cond derant que Se sonververai Jusgaant

1221 367 1224 92 Rapportent a tout ce quil sronta

691 513 1770 82 en for de quoi, lat cent, Sequé de ma man le peu

684 562 244 63 testeent

690 609 196 65 Re la

954 576 1513 82 et lail, parraphu bprès Lavoir en tierement lai

690 675 1771 104 Vune Connissance au port Louis Jsle de france ce Vingt

921 627 795 77 dens ma faubre Stant

1762 635 702 89 en por faute Sant

677 747 1501 92 deux Septembe aul Sept cent quatre Vingt

696 812 1667 96 uuchel, avec la parraphe de Lasesseurs du Juge ee

2241 792 221 64 Fone

694 889 1771 91 au dessour Plas Par est ecrit Sigue et parrapté u

691 968 1776 86 de tacte de depat de ce Jour dix huit de cembre mil el

693 1020 673 97 cent quatre Vingt treize

709 1076 252 87 Canmant.

1374 1047 1088 76 lai Den vence de la Repabline

820 1153 1645 94 lus Bas est crit Il est ainsi en Sorrignal

686 1232 1766 88 testament annerer à la prlnniere inmette de Sacte ae

678 1305 1770 96 dont lexpedition des au tres parts le tout Restéa

678 1368 1362 133 Lan den notaires Sousseque Signé Breun

1340 1498 1109 119 Enregistre Par uni commes puff

1337 1584 1120 100 Jura du tribenal de prenuere Jns

1329 1654 1129 98 de LJsle de fracnce Sonargne chtn

1339 1740 1092 76 a uur Representé et a leusten l

1340 1813 1099 95 après meution facte Sun Pelue

1334 1899 694 95 présent eureges treument

54 2004 60 88 de

1485 1970 942 106 den Port N. C. de Secle de

1331 2064 1088 89 lar deux de La Republique Franço

984 2149 93 58 114

1349 2125 1017 96 Vieigt quatre de ceubre mil sy

41 2217 851 79 Contract de mariage f.

945 2198 15 93 9

1352 2195 749 93 quatre Vengt truz

25 2294 709 90 de utre Bossard e Francoise

35 2376 264 77 la Bour

684 2337 1588 128 su Contrat jes Condition de marige ante

27 2417 2275 122 rosi  22 Louis, au brise Josphe Bossard et de aéarce etoa

60 2525 63 55 3

677 2494 990 84 son epouse, sis pese est mere
