<?xml version="1.0" encoding="UTF-8"?>
<alto xmlns:xsi="http://www.w3.org/2001/XMLSchema-instance"
      xmlns="http://www.loc.gov/standards/alto/ns-v4#"
      xsi:schemaLocation="http://www.loc.gov/standards/alto/ns-v4# http://www.loc.gov/standards/alto/v4/alto-4-2.xsd">
  <Description>
    <MeasurementUnit>pixel</MeasurementUnit>
    <sourceImageInformation>
      <fileName>JK10_6.pdf_page_6.png</fileName>
      <fileIdentifier>pdf//JK10_6.pdf</fileIdentifier>
    </sourceImageInformation>
  </Description>
  <Tags>
    <OtherTag ID="BT8" LABEL="DamageZone" DESCRIPTION="block type DamageZone"/><OtherTag ID="BT12" LABEL="MainZone" DESCRIPTION="block type MainZone"/><OtherTag ID="BT13" LABEL="MarginTextZone" DESCRIPTION="block type MarginTextZone"/><OtherTag ID="BT15" LABEL="NumberingZone" DESCRIPTION="block type NumberingZone"/><OtherTag ID="BT17" LABEL="QuireMarksZone" DESCRIPTION="block type QuireMarksZone"/><OtherTag ID="BT445" LABEL="CustomZone:closer" DESCRIPTION="block type CustomZone:closer"/><OtherTag ID="BT446" LABEL="CustomZone:paraph" DESCRIPTION="block type CustomZone:paraph"/><OtherTag ID="BT447" LABEL="DigitizationArtefactZone:fingers" DESCRIPTION="block type DigitizationArtefactZone:fingers"/><OtherTag ID="BT448" LABEL="DigitizationArtefactZone:fingers" DESCRIPTION="block type DigitizationArtefactZone:fingers"/><OtherTag ID="BT450" LABEL="NumberingZone:document" DESCRIPTION="block type NumberingZone:document"/><OtherTag ID="BT451" LABEL="NumberingZone:folio" DESCRIPTION="block type NumberingZone:folio"/><OtherTag ID="BT452" LABEL="NumberingZone:page" DESCRIPTION="block type NumberingZone:page"/><OtherTag ID="BT453" LABEL="text" DESCRIPTION="block type text"/>
    <OtherTag ID="LT8" LABEL="DefaultLine" DESCRIPTION="line type DefaultLine"/><OtherTag ID="LT10" LABEL="HeadingLine" DESCRIPTION="line type HeadingLine"/><OtherTag ID="LT11" LABEL="InterlinearLine" DESCRIPTION="line type InterlinearLine"/><OtherTag ID="LT320" LABEL="default" DESCRIPTION="line type default"/>
  </Tags>
  <Layout>
    <Page WIDTH="2633"
          HEIGHT="2479"
          PHYSICAL_IMG_NR="5"
          ID="eSc_dummypage_">
      <PrintSpace HPOS="0"
                  VPOS="0"
                  WIDTH="2633"
                  HEIGHT="2479">
        <TextBlock HPOS="523"
                   VPOS="0"
                   WIDTH="2108"
                   HEIGHT="687"
                   ID="eSc_textblock_3b3c9a5e"
                   TAGREFS="BT453">
          <Shape><Polygon POINTS="1191 0 2631 5 2631 81 2627 59 2594 66 2631 154 2616 176 2631 236 2616 505 2511 566 2351 593 1008 588 925 610 891 644 913 681 556 687 529 571 523 356 556 49 1073 33 1118 5 1191 0"/></Shape>
          <TextLine ID="eSc_line_95416102"
                    TAGREFS="LT320"
                    BASELINE="560 95 1297 88 1825 75 2588 23" 
                    HPOS="558"
                    VPOS="4"
                    WIDTH="2030"
                    HEIGHT="129">
            <Shape><Polygon POINTS="2582 4 2568 4 2554 4 2540 4 2526 4 2513 4 2499 4 2485 4 2471 4 2470 4 2382 9 2314 4 2306 4 2292 4 2278 4 2265 4 2251 4 2237 4 2227 4 2216 6 2192 15 2123 11 2084 8 2083 8 2081 8 2073 12 2057 19 2017 15 2015 15 2014 15 1978 30 1605 42 1550 28 1533 26 1532 26 1530 26 1518 30 1505 34 1490 31 1468 27 1467 27 1465 27 1454 33 1438 39 1388 35 1387 35 1296 53 1129 44 1084 41 1082 41 1051 46 924 67 837 61 836 61 834 61 812 70 772 55 767 53 766 53 764 53 558 61 560 95 562 119 936 107 1005 112 1007 112 1008 112 1026 104 1120 133 1121 133 1122 133 1308 128 1310 128 1395 106 1431 115 1432 115 1434 115 1435 115 1467 106 1534 119 1536 119 1835 108 2072 71 2127 84 2128 84 2130 84 2170 66 2248 59 2368 82 2369 82 2371 82 2446 50 2588 45 2588 23 2584 4 2582 4"/></Shape>
	    <String CONTENT="de uvienme. dle la republigne aprèr midi et a Signere"
                    HPOS="558"
                    VPOS="4"
                    WIDTH="2030"
                    HEIGHT="129"
                    WC="0.9756853816644201"></String>
          </TextLine>
          <TextLine ID="eSc_line_f7b6082c"
                    TAGREFS="LT320"
                    BASELINE="562 194 861 187 1698 187 2099 174 2586 148" 
                    HPOS="559"
                    VPOS="107"
                    WIDTH="2027"
                    HEIGHT="124">
            <Shape><Polygon POINTS="562 194 562 231 628 231 629 231 655 218 766 205 859 209 861 209 916 202 960 209 961 209 1065 199 1125 209 1127 209 1184 202 1321 212 1372 216 1373 216 1375 216 1397 210 1424 203 1453 209 1493 216 1494 216 1534 206 1539 206 1545 206 1635 214 1636 214 1638 214 1678 205 1798 212 1799 212 1862 199 1953 209 1955 209 2106 206 2108 206 2145 190 2149 187 2584 177 2586 148 2582 107 2470 108 2469 108 2409 125 2336 115 2335 115 2266 126 2237 118 2236 118 2234 118 2167 122 2165 122 2102 141 2047 141 1942 134 1941 134 1857 144 1780 129 1778 129 1777 129 1715 147 1617 139 1616 139 1545 151 1304 154 1271 143 1270 143 1268 143 1235 150 1100 132 1098 132 1096 132 1070 132 898 139 896 139 868 151 770 137 767 137 766 137 761 137 704 147 666 139 662 139 661 139 559 140 562 194"/></Shape>
	    <String CONTENT="lesditr us toirer deur minustes des pelenter Seut"
                    HPOS="559"
                    VPOS="107"
                    WIDTH="2027"
                    HEIGHT="124"
                    WC="0.9898108949466627"></String>
          </TextLine>
          <TextLine ID="eSc_line_1eaa71be"
                    TAGREFS="LT320"
                    BASELINE="555 285 1059 274 1678 274 2172 265 2608 242" 
                    HPOS="553"
                    VPOS="203"
                    WIDTH="2055"
                    HEIGHT="115">
            <Shape><Polygon POINTS="555 285 555 318 704 300 885 302 887 302 1020 294 1067 305 1081 309 1082 309 1084 311 1147 311 1147 309 1224 301 1235 301 1242 301 1293 307 1295 307 1340 298 1380 291 1405 297 1426 301 1427 301 1428 301 1441 296 1448 293 1465 296 1515 302 1516 302 1518 302 1551 293 1558 291 1573 293 1654 300 1656 300 1657 300 1679 290 1733 293 1734 293 1736 293 1749 287 1762 283 1787 286 1840 294 1842 294 2030 280 2051 279 2057 279 2094 286 2095 286 2248 278 2278 287 2280 287 2281 287 2382 286 2467 268 2471 267 2606 264 2608 242 2604 203 2452 205 2451 205 2444 207 2398 225 2335 225 2281 212 2269 209 2267 209 2245 213 2207 218 2136 216 2061 212 2059 212 2028 218 1963 234 1851 234 1822 224 1821 224 1820 224 1818 224 1792 236 1738 236 1629 229 1522 221 1521 221 1519 221 1477 232 1442 243 1376 243 1358 236 1332 227 1330 227 1329 227 1328 227 1297 238 1288 241 1271 238 1255 236 1253 236 1231 239 1190 246 1175 241 1143 229 1142 229 1074 229 1073 229 1011 231 1009 231 969 246 960 250 931 247 885 243 884 243 829 250 817 252 808 252 748 242 746 242 553 257 555 285"/></Shape>
	    <String CONTENT="preuniere. desquelles eMt ennt con tiollé, auport. se"
                    HPOS="553"
                    VPOS="203"
                    WIDTH="2055"
                    HEIGHT="115"
                    WC="0.9783780799721772"></String>
          </TextLine>
          <TextLine ID="eSc_line_6ade1629"
                    TAGREFS="LT320"
                    BASELINE="544 367 2269 341 2602 327" 
                    HPOS="542"
                    VPOS="289"
                    WIDTH="2060"
                    HEIGHT="104">
            <Shape><Polygon POINTS="544 367 545 393 622 393 622 392 624 392 628 391 657 382 687 389 694 391 695 391 862 388 863 388 873 385 906 374 978 373 1080 380 1081 380 1150 370 1202 378 1219 380 1220 380 1222 380 1230 377 1251 370 1279 375 1306 381 1307 381 1398 380 1534 370 1657 362 1719 366 1762 369 1763 369 1764 369 1776 364 1784 362 1796 364 1817 369 1818 369 1879 364 1906 371 1908 371 1909 371 1971 370 2017 359 2030 356 2076 358 2221 364 2222 364 2223 364 2256 355 2335 364 2336 364 2423 349 2430 348 2601 345 2602 327 2598 289 2543 290 2542 290 2502 302 2368 293 2351 293 2350 293 2349 293 2346 294 2317 308 2249 309 2091 302 2090 302 2088 302 2048 312 2006 304 2004 304 1953 312 1924 304 1911 300 1909 300 1908 300 1822 301 1821 301 1806 307 1791 312 1777 307 1763 302 1762 302 1760 302 1733 308 1701 315 1664 309 1627 305 1625 305 1598 312 1561 320 1514 314 1483 309 1482 309 1450 315 1415 322 1392 316 1386 315 1384 315 1383 315 1366 316 1324 323 1288 319 1226 311 1224 311 1142 312 1140 312 1103 323 1100 323 1093 323 968 315 967 315 965 315 927 327 916 331 542 336 544 367"/></Shape>
	    <String CONTENT="nord ane S de liste dle fance le Vingt hoir, octobie, mil"
                    HPOS="542"
                    VPOS="289"
                    WIDTH="2060"
                    HEIGHT="104"
                    WC="0.9736005046911407"></String>
          </TextLine>
          <TextLine ID="eSc_line_a309b41f"
                    TAGREFS="LT320"
                    BASELINE="553 459 1339 435 2602 415" 
                    HPOS="552"
                    VPOS="366"
                    WIDTH="2050"
                    HEIGHT="121">
            <Shape><Polygon POINTS="553 459 553 487 662 486 664 486 706 466 761 464 956 480 969 480 971 480 982 479 1122 455 1235 455 1279 468 1281 468 1282 468 1325 464 1366 471 1381 472 1383 472 1384 472 1392 469 1441 453 1503 464 1504 464 1545 455 1599 465 1606 465 1607 465 1609 465 1612 464 1665 444 1838 443 1861 450 1862 450 1864 450 1865 450 1887 442 1916 448 1917 448 1919 448 1995 440 2123 453 2135 453 2136 453 2146 451 2216 440 2302 448 2357 453 2358 453 2411 451 2412 451 2438 444 2500 429 2599 440 2602 415 2598 366 2448 373 2356 388 2243 375 2237 375 2236 375 2234 375 2233 375 2198 392 2008 395 1840 386 1734 382 1733 382 1731 382 1701 391 1664 402 1638 393 1627 389 1625 389 1386 389 1384 389 1275 392 1274 392 1237 404 1231 406 1226 404 1178 393 1176 393 1175 393 1124 407 1105 414 983 414 974 413 947 406 946 406 945 406 943 406 921 414 914 417 796 418 790 417 734 404 732 404 679 417 650 410 648 410 647 410 646 410 611 422 610 424 552 424 553 459"/></Shape>
	    <String CONTENT="Sept ccnt qua tie Vingt. Haize. Can. denviine. de la aypull"
                    HPOS="552"
                    VPOS="366"
                    WIDTH="2050"
                    HEIGHT="121"
                    WC="0.959192441681684"></String>
          </TextLine>
          <TextLine ID="eSc_line_b836d36a"
                    TAGREFS="LT320"
                    BASELINE="552 552 947 532 2170 517 2564 502" 
                    HPOS="551"
                    VPOS="462"
                    WIDTH="2013"
                    HEIGHT="119">
            <Shape><Polygon POINTS="552 552 553 581 672 571 730 577 737 577 738 577 739 577 741 577 790 560 812 568 814 568 815 568 817 568 845 557 938 556 998 563 1000 563 1001 563 1016 557 1062 567 1085 572 1087 572 1088 572 1110 566 1124 563 1256 563 1262 563 1262 561 1263 561 1299 549 1405 548 1443 557 1478 566 1479 566 1481 566 1635 563 1704 550 1719 548 1729 549 1760 555 1762 555 1763 555 1787 548 1804 542 1817 546 1847 559 1849 559 1850 559 1911 557 1912 557 1945 544 1957 538 1988 542 2063 553 2065 553 2183 538 2251 552 2252 552 2365 537 2401 546 2402 546 2404 546 2405 546 2441 530 2564 526 2564 502 2561 462 2517 462 2515 462 2514 462 2513 462 2482 475 2455 468 2453 468 2452 468 2384 472 2314 486 2269 477 2267 477 2266 477 2237 488 2145 488 2054 473 2052 473 1938 494 1551 498 1489 482 1481 480 1479 480 1478 480 1408 484 1270 493 981 493 916 493 914 493 913 493 910 493 854 513 715 513 647 498 631 495 629 495 628 495 613 499 592 504 551 501 552 552"/></Shape>
	    <String CONTENT="fransaise Signé. Ses lier que amargné, repes quarante"
                    HPOS="551"
                    VPOS="462"
                    WIDTH="2013"
                    HEIGHT="119"
                    WC="0.9449272605608094"></String>
          </TextLine>
          <TextLine ID="eSc_line_10d32fbb"
                    TAGREFS="LT320"
                    BASELINE="559 643 850 637" 
                    HPOS="558"
                    VPOS="592"
                    WIDTH="292"
                    HEIGHT="81">
            <Shape><Polygon POINTS="559 643 560 673 578 663 643 667 648 667 650 667 651 667 653 667 661 659 677 665 694 672 695 672 697 672 775 670 777 670 778 670 778 669 789 658 790 658 806 667 807 667 808 667 810 667 811 667 850 654 850 637 845 594 760 608 716 605 706 597 701 592 699 592 698 592 651 592 650 592 648 592 647 592 640 599 631 605 591 611 558 600 559 643"/></Shape>
	    <String CONTENT="Sons"
                    HPOS="558"
                    VPOS="592"
                    WIDTH="292"
                    HEIGHT="81"
                    WC="0.9980527609586716"></String>
          </TextLine>
        </TextBlock>
        <TextBlock HPOS="529"
                   VPOS="650"
                   WIDTH="2102"
                   HEIGHT="1706"
                   ID="eSc_textblock_0c5d3531"
                   TAGREFS="BT453">
          <Shape><Polygon POINTS="1843 650 2423 677 2484 716 2480 743 2631 787 2616 940 2539 984 2418 1012 1697 1006 1558 1035 1565 1074 1609 1079 2467 1079 2594 1090 2627 1112 2631 1700 2623 1684 2610 2003 2368 2064 2187 2075 2120 2125 2059 2131 2182 2164 2566 2198 2610 2214 2605 2312 2583 2328 2219 2356 573 2350 556 2295 551 1724 529 1667 545 1563 534 1129 567 1107 880 1085 914 1057 672 1045 556 1017 578 986 551 973 540 935 545 804 595 787 952 787 705 776 896 776 782 765 1001 754 1003 672 1843 650"/></Shape>
          <TextLine ID="eSc_line_ee016bf2"
                    TAGREFS="LT320"
                    BASELINE="1025 736 2156 718" 
                    HPOS="1023"
                    VPOS="669"
                    WIDTH="1133"
                    HEIGHT="89">
            <Shape><Polygon POINTS="1025 736 1025 750 1059 750 1063 751 1080 758 1081 758 1082 758 1084 758 1113 751 1124 749 1140 750 1187 757 1189 757 1190 757 1191 757 1191 756 1198 750 1202 747 1259 749 1351 753 1353 753 1354 753 1355 753 1361 749 1365 745 1503 743 1518 746 1541 751 1543 751 1588 746 1606 743 1640 745 1718 749 1719 749 1806 747 1807 747 1809 747 1815 742 1820 740 1843 742 1891 746 1893 746 2154 738 2156 718 2153 692 2106 692 2073 669 2072 669 2070 669 2015 669 2014 669 2012 669 2011 669 1977 694 1890 695 1842 672 1840 672 1839 672 1838 672 1836 672 1825 680 1814 672 1813 672 1811 672 1810 672 1809 672 1716 698 1675 691 1674 691 1544 701 1514 683 1512 683 1511 683 1510 683 1508 683 1493 689 1465 673 1464 673 1463 673 1461 673 1430 676 1428 676 1427 676 1403 691 1351 676 1350 676 1284 676 1282 676 1144 678 1143 678 1089 709 1023 709 1025 736"/></Shape>
	    <String CONTENT="Suit la temene. de lanuive."
                    HPOS="1023"
                    VPOS="669"
                    WIDTH="1133"
                    HEIGHT="89"
                    WC="0.9725007988788463"></String>
          </TextLine>
          <TextLine ID="eSc_line_92223a94"
                    TAGREFS="LT320"
                    BASELINE="551 853 1780 848 2136 841 2606 818" 
                    HPOS="549"
                    VPOS="783"
                    WIDTH="2057"
                    HEIGHT="106">
            <Shape><Polygon POINTS="551 853 551 878 877 867 917 874 994 889 996 889 997 889 1049 873 1074 864 1107 871 1180 886 1182 886 1263 869 1274 866 1370 862 1409 862 1428 866 1497 884 1499 884 1500 884 1726 871 1762 881 1763 881 1764 881 1939 880 1941 880 2012 862 2046 866 2047 866 2087 858 2203 874 2204 874 2205 874 2266 852 2269 851 2322 851 2339 852 2382 855 2431 874 2433 874 2434 874 2435 874 2452 867 2470 873 2471 873 2473 873 2474 873 2533 848 2606 846 2606 818 2602 783 2462 793 2278 787 2277 787 2192 808 1988 808 1843 793 1842 793 1747 811 1614 804 1613 804 1558 813 1474 807 1472 807 1333 815 1295 807 1293 807 1220 816 1183 807 1182 807 1180 807 1179 807 1143 819 1052 819 960 801 956 801 954 801 879 802 877 802 800 819 730 804 727 804 726 804 549 805 551 853"/></Shape>
	    <String CONTENT="lestament que Gefair bienn por lant pour Ses lur qis"
                    HPOS="549"
                    VPOS="783"
                    WIDTH="2057"
                    HEIGHT="106"
                    WC="0.9806305307608384"></String>
          </TextLine>
          <TextLine ID="eSc_line_85f04c86"
                    TAGREFS="LT320"
                    BASELINE="556 946 976 936 1709 937 2602 913" 
                    HPOS="555"
                    VPOS="869"
                    WIDTH="2047"
                    HEIGHT="101">
            <Shape><Polygon POINTS="556 946 556 961 712 961 716 961 759 970 760 970 856 959 887 955 1100 954 1110 957 1129 964 1131 964 1132 964 1133 964 1158 957 1160 957 1213 968 1215 968 1548 954 1567 961 1569 961 1570 961 1942 954 1986 947 2028 942 2086 947 2145 951 2146 951 2212 946 2266 940 2314 944 2371 948 2372 948 2402 943 2467 931 2599 940 2602 913 2601 885 2539 869 2537 869 2536 869 2291 871 2226 873 2225 873 2186 884 2164 877 2163 877 2161 877 2160 877 2110 893 2108 895 1927 896 1926 896 1883 886 1882 886 1880 886 1849 897 1847 897 1796 880 1795 880 1793 880 1693 900 1690 902 1601 902 1576 902 1534 893 1533 893 1532 893 1496 903 1299 888 1297 888 1200 908 1122 910 1116 910 1037 893 982 893 981 893 979 893 927 911 812 908 811 908 716 917 637 908 636 908 555 919 556 946"/></Shape>
	    <String CONTENT="ma mort mer in tentione Sont onnme Sut"
                    HPOS="555"
                    VPOS="869"
                    WIDTH="2047"
                    HEIGHT="101"
                    WC="0.9802778206373516"></String>
          </TextLine>
          <TextLine ID="eSc_line_de318a90"
                    TAGREFS="LT320"
                    BASELINE="1161 1031 1461 1028" 
                    HPOS="1160"
                    VPOS="979"
                    WIDTH="301"
                    HEIGHT="84">
            <Shape><Polygon POINTS="1161 1031 1161 1054 1205 1054 1215 1063 1216 1063 1217 1063 1219 1063 1220 1063 1246 1056 1281 1063 1282 1063 1284 1063 1311 1056 1355 1060 1357 1060 1358 1060 1359 1060 1359 1059 1364 1056 1366 1053 1375 1056 1394 1061 1395 1061 1397 1061 1461 1056 1461 1028 1459 1001 1358 998 1337 979 1336 979 1335 979 1333 979 1233 984 1231 984 1230 984 1215 997 1211 1001 1200 997 1178 990 1176 990 1175 990 1173 990 1160 994 1161 1031"/></Shape>
	    <String CONTENT="Sear."
                    HPOS="1160"
                    VPOS="979"
                    WIDTH="301"
                    HEIGHT="84"
                    WC="0.8928038001060485"></String>
          </TextLine>
          <TextLine ID="eSc_line_003bc21f"
                    TAGREFS="LT320"
                    BASELINE="552 1158 1493 1160 2606 1140" 
                    HPOS="551"
                    VPOS="1089"
                    WIDTH="2055"
                    HEIGHT="106">
            <Shape><Polygon POINTS="2591 1089 2511 1097 2482 1090 2481 1090 2480 1090 2445 1090 2270 1092 2266 1092 2190 1103 2134 1093 2131 1093 2130 1093 2128 1093 2127 1093 2069 1114 1977 1122 1764 1111 1763 1111 1762 1111 1734 1121 1712 1112 1711 1112 1709 1112 1632 1125 1572 1107 1570 1107 1505 1104 1504 1104 1408 1129 895 1132 790 1107 789 1107 788 1107 560 1108 551 1116 552 1158 553 1195 622 1174 757 1174 845 1189 854 1191 855 1192 979 1192 979 1191 981 1191 996 1187 1058 1172 1114 1185 1131 1188 1132 1188 1186 1184 1275 1176 1332 1181 1381 1185 1383 1185 1384 1185 1401 1180 1420 1173 1460 1178 1511 1185 1512 1185 1559 1177 1602 1169 1640 1176 1696 1184 1697 1184 1871 1170 1922 1167 1941 1169 2018 1180 2019 1180 2021 1180 2069 1167 2091 1162 2134 1166 2260 1178 2262 1178 2357 1162 2368 1159 2605 1156 2606 1140 2602 1096 2591 1089"/></Shape>
	    <String CONTENT="ge nomme paror evecesteur testomentaire leit a"
                    HPOS="551"
                    VPOS="1089"
                    WIDTH="2055"
                    HEIGHT="106"
                    WC="0.9648490120535311"></String>
          </TextLine>
          <TextLine ID="eSc_line_08652064"
                    TAGREFS="LT320"
                    BASELINE="553 1258 855 1250 2065 1250 2613 1231" 
                    HPOS="552"
                    VPOS="1192"
                    WIDTH="2061"
                    HEIGHT="92">
            <Shape><Polygon POINTS="553 1258 553 1271 636 1275 637 1275 664 1271 684 1267 701 1269 735 1278 737 1278 794 1271 825 1276 826 1276 859 1268 874 1264 1018 1262 1110 1265 1111 1265 1147 1279 1149 1279 1150 1279 1183 1273 1224 1282 1226 1282 1227 1282 1246 1275 1291 1284 1292 1284 1293 1284 1315 1276 1683 1282 1685 1282 1686 1282 1729 1264 1817 1260 1941 1273 1942 1273 2001 1264 2113 1279 2114 1279 2156 1278 2157 1278 2194 1264 2306 1265 2307 1265 2368 1253 2373 1251 2613 1250 2613 1231 2609 1192 2424 1194 2423 1194 2419 1195 2376 1211 2328 1196 2327 1196 2325 1196 2258 1195 2256 1195 2233 1198 2112 1218 1952 1211 1950 1211 1949 1211 1916 1220 1733 1220 1667 1210 1665 1210 1664 1210 1635 1221 1584 1210 1533 1199 1532 1199 1434 1213 1402 1217 1377 1214 1296 1202 1295 1202 1293 1202 1253 1216 1230 1225 1135 1225 1031 1220 990 1218 928 1205 927 1205 877 1216 829 1205 750 1205 749 1205 552 1228 553 1258"/></Shape>
	    <String CONTENT="eide tant mon a Phoiré. Ge donne anir. fesir. eau"
                    HPOS="552"
                    VPOS="1192"
                    WIDTH="2061"
                    HEIGHT="92"
                    WC="0.9577232866871114"></String>
          </TextLine>
          <TextLine ID="eSc_line_527df63e"
                    TAGREFS="LT320"
                    BASELINE="563 1341 1922 1351 2605 1323" 
                    HPOS="562"
                    VPOS="1291"
                    WIDTH="2043"
                    HEIGHT="90">
            <Shape><Polygon POINTS="563 1341 563 1357 625 1368 626 1368 694 1359 752 1368 753 1368 755 1368 779 1359 863 1378 865 1378 866 1378 934 1360 1012 1381 1014 1381 1015 1381 1183 1359 1246 1379 1248 1379 1249 1379 1251 1379 1293 1366 1377 1379 1379 1381 1587 1381 1587 1379 1588 1379 1627 1368 1656 1377 1657 1377 1658 1377 1660 1377 1685 1371 1789 1378 1791 1378 1915 1363 2004 1378 2006 1378 2007 1378 2046 1363 2116 1371 2117 1371 2225 1353 2230 1353 2467 1353 2469 1353 2504 1360 2506 1360 2604 1352 2605 1323 2602 1298 2426 1291 2424 1291 2423 1291 2397 1298 2346 1312 2287 1312 2226 1298 2204 1294 2203 1294 2146 1298 2077 1304 2003 1298 1986 1298 1985 1298 1978 1298 1901 1313 1657 1313 1609 1300 1587 1294 1585 1294 1337 1294 1336 1294 1308 1300 1257 1313 1197 1313 1161 1301 1144 1295 1143 1295 1142 1295 1140 1295 1120 1301 1063 1315 939 1301 898 1297 896 1297 895 1297 880 1301 829 1315 562 1302 563 1341"/></Shape>
	    <String CONTENT="mois deir Sornee Vingt cinq, mille litier ac hagne"
                    HPOS="562"
                    VPOS="1291"
                    WIDTH="2043"
                    HEIGHT="90"
                    WC="0.9709804940223694"></String>
          </TextLine>
          <TextLine ID="eSc_line_834008d0"
                    TAGREFS="LT320"
                    BASELINE="563 1446 1873 1450 2418 1432 2609 1432" 
                    HPOS="562"
                    VPOS="1386"
                    WIDTH="2047"
                    HEIGHT="90">
            <Shape><Polygon POINTS="563 1446 563 1457 830 1458 866 1470 868 1470 869 1470 870 1470 899 1463 960 1475 961 1476 1070 1476 1070 1475 1071 1475 1096 1466 1118 1475 1120 1475 1121 1476 1213 1476 1213 1475 1275 1462 1332 1473 1333 1475 1445 1475 1445 1473 1446 1473 1472 1465 1570 1473 1572 1473 1778 1465 1860 1473 1861 1473 1933 1461 1996 1469 1997 1469 2081 1455 2094 1454 2142 1455 2294 1461 2295 1461 2296 1461 2318 1455 2325 1454 2606 1454 2609 1432 2608 1397 2569 1386 2568 1386 2566 1386 2391 1388 2390 1388 2365 1395 2281 1389 2280 1389 2232 1397 2189 1404 2160 1397 2132 1389 2131 1389 2130 1389 2128 1389 2109 1396 2086 1407 1946 1407 1927 1399 1926 1399 1924 1399 1860 1408 1674 1408 1640 1395 1624 1389 1623 1389 1547 1389 1545 1389 1544 1389 1526 1395 1501 1402 1474 1395 1453 1389 1452 1389 1450 1389 1449 1389 1435 1395 1413 1404 1329 1407 1186 1400 1184 1400 1133 1410 943 1410 817 1392 800 1390 799 1390 785 1392 708 1403 675 1392 673 1392 562 1392 563 1446"/></Shape>
	    <String CONTENT="tommoir cequi foit la Soume decent mille liVur"
                    HPOS="562"
                    VPOS="1386"
                    WIDTH="2047"
                    HEIGHT="90"
                    WC="0.9626943171024323"></String>
          </TextLine>
          <TextLine ID="eSc_line_9389c6b5"
                    TAGREFS="LT320"
                    BASELINE="563 1541 2612 1521" 
                    HPOS="562"
                    VPOS="1477"
                    WIDTH="2050"
                    HEIGHT="91">
            <Shape><Polygon POINTS="563 1541 564 1568 712 1554 840 1563 841 1563 843 1563 869 1553 994 1559 996 1559 1172 1550 1217 1557 1219 1557 1330 1549 1365 1556 1391 1561 1392 1561 1477 1554 1496 1553 1508 1553 1584 1560 1585 1560 1715 1559 1753 1550 1770 1546 1815 1549 1926 1556 1927 1556 2061 1554 2062 1554 2095 1545 2099 1543 2106 1543 2163 1553 2164 1553 2225 1545 2259 1552 2260 1552 2351 1541 2361 1539 2369 1539 2460 1552 2462 1552 2612 1535 2612 1521 2609 1477 2477 1477 2475 1477 2474 1477 2470 1479 2455 1486 2420 1480 2411 1479 2409 1479 2394 1480 2345 1487 2276 1483 2272 1483 2270 1483 2269 1483 2236 1492 2197 1484 2196 1484 2194 1484 2193 1484 2161 1498 2022 1498 1999 1487 1993 1486 1992 1486 1923 1484 1922 1484 1920 1484 1904 1488 1877 1497 1839 1490 1810 1486 1809 1486 1807 1486 1789 1491 1762 1499 1599 1495 1598 1495 1596 1495 1580 1502 1477 1497 1332 1488 1330 1488 1329 1488 1289 1499 1270 1506 1143 1508 1087 1508 1076 1503 1037 1491 1036 1491 1034 1491 963 1498 710 1494 709 1494 637 1512 562 1512 563 1541"/></Shape>
	    <String CONTENT="cenhe tour ces qualie le chorge tecitoyen heurd de leuu"
                    HPOS="562"
                    VPOS="1477"
                    WIDTH="2050"
                    HEIGHT="91"
                    WC="0.9709499109875072"></String>
          </TextLine>
          <TextLine ID="eSc_line_d4714a5d"
                    TAGREFS="LT320"
                    BASELINE="555 1636 1380 1614 2610 1611" 
                    HPOS="553"
                    VPOS="1570"
                    WIDTH="2057"
                    HEIGHT="100">
            <Shape><Polygon POINTS="555 1636 555 1670 716 1663 786 1667 830 1669 832 1669 851 1665 975 1637 1118 1637 1164 1645 1165 1645 1380 1636 1467 1651 1532 1662 1533 1662 1602 1659 1603 1659 1640 1647 1642 1647 1643 1647 1679 1655 1680 1655 1682 1655 1715 1645 1776 1658 1777 1659 1860 1659 1860 1658 1960 1638 1989 1634 2035 1637 2123 1644 2124 1644 2125 1644 2161 1634 2179 1630 2194 1634 2245 1647 2247 1647 2248 1647 2380 1629 2409 1626 2435 1627 2535 1637 2536 1637 2608 1623 2610 1611 2608 1582 2375 1570 2373 1570 2237 1585 2230 1585 2225 1585 2145 1572 2143 1572 2069 1586 2066 1586 2063 1586 2033 1578 2032 1578 2030 1578 1913 1587 1905 1587 1901 1587 1818 1575 1817 1575 1762 1583 1650 1578 1649 1578 1647 1578 1607 1590 1605 1590 1584 1590 1252 1581 1251 1581 1125 1594 1106 1597 1026 1597 1022 1596 975 1583 974 1583 972 1583 866 1587 865 1587 836 1597 829 1600 686 1600 673 1598 614 1587 613 1587 553 1598 555 1636"/></Shape>
	    <String CONTENT="laire paroir ca ses Somme parr la prenniese oecatin"
                    HPOS="553"
                    VPOS="1570"
                    WIDTH="2057"
                    HEIGHT="100"
                    WC="0.9569581168539384"></String>
          </TextLine>
          <TextLine ID="eSc_line_72ab7bbc"
                    TAGREFS="LT320"
                    BASELINE="569 1735 1410 1714 2598 1702" 
                    HPOS="566"
                    VPOS="1655"
                    WIDTH="2032"
                    HEIGHT="106">
            <Shape><Polygon POINTS="569 1735 569 1761 840 1758 852 1757 986 1742 1110 1749 1111 1749 1252 1732 1292 1740 1293 1740 1415 1732 1465 1742 1467 1742 1526 1731 1572 1742 1573 1742 1574 1742 1576 1742 1625 1728 1751 1724 1833 1724 1860 1732 1861 1732 1862 1732 1942 1721 1985 1733 1986 1733 1988 1733 2040 1721 2070 1732 2072 1732 2073 1732 2113 1725 2200 1733 2201 1733 2203 1733 2252 1721 2362 1728 2364 1728 2407 1722 2442 1732 2444 1732 2445 1732 2528 1717 2597 1731 2598 1702 2597 1663 2573 1655 2572 1655 2570 1655 2391 1656 2317 1666 2259 1674 2063 1676 2007 1669 1956 1663 1955 1663 1922 1670 1883 1678 1784 1678 1767 1671 1751 1666 1749 1666 1748 1666 1711 1673 1653 1682 1576 1674 1540 1670 1539 1670 1416 1671 1415 1671 1401 1676 1365 1687 1289 1677 1266 1674 1264 1674 1249 1677 1200 1691 1140 1691 1103 1678 1100 1678 1099 1678 1098 1678 1091 1678 1016 1692 892 1682 891 1682 724 1691 688 1684 683 1682 682 1682 566 1684 569 1735"/></Shape>
	    <String CONTENT="quil ponna trontir et el en vus a Melli mmonhe e"
                    HPOS="566"
                    VPOS="1655"
                    WIDTH="2032"
                    HEIGHT="106"
                    WC="0.9759483449161053"></String>
          </TextLine>
          <TextLine ID="eSc_line_fcfd46ef"
                    TAGREFS="LT320"
                    BASELINE="570 1823 887 1817 1533 1822 2591 1809" 
                    HPOS="569"
                    VPOS="1775"
                    WIDTH="2022"
                    HEIGHT="74">
            <Shape><Polygon POINTS="570 1823 570 1837 753 1849 755 1849 859 1848 924 1837 938 1834 949 1837 989 1845 990 1845 1023 1839 1080 1846 1081 1846 1143 1835 1161 1833 1169 1835 1193 1845 1194 1845 1195 1846 1284 1846 1284 1845 1329 1835 1330 1835 1335 1835 1539 1839 1540 1839 1566 1834 1587 1830 1635 1834 1716 1841 1718 1841 1810 1833 1886 1827 1957 1833 2026 1838 2028 1838 2059 1833 2081 1828 2113 1833 2164 1838 2165 1838 2167 1838 2183 1833 2196 1826 2294 1824 2588 1830 2591 1809 2587 1786 2367 1786 2316 1776 2314 1776 2232 1787 2229 1787 2226 1787 2161 1775 2160 1775 2159 1775 2113 1787 2019 1776 2018 1776 1912 1789 1866 1776 1865 1776 1864 1776 1731 1777 1730 1777 1679 1791 1675 1793 1578 1793 1574 1791 1494 1779 1493 1779 1426 1793 1421 1793 1412 1793 1282 1782 1281 1782 1279 1782 1242 1794 1240 1794 1227 1794 1138 1787 1136 1787 1096 1794 1089 1795 1084 1794 1041 1783 1040 1783 938 1783 936 1783 873 1794 810 1787 808 1787 759 1797 748 1798 727 1797 604 1786 603 1786 602 1786 569 1797 570 1823"/></Shape>
	    <String CONTENT="non eper a enan fuir Vanné et le donble demon"
                    HPOS="569"
                    VPOS="1775"
                    WIDTH="2022"
                    HEIGHT="74"
                    WC="0.9861451043023004"></String>
          </TextLine>
          <TextLine ID="eSc_line_ecd0087b"
                    TAGREFS="LT320"
                    BASELINE="574 1910 1036 1897 1924 1907 2604 1899" 
                    HPOS="573"
                    VPOS="1852"
                    WIDTH="2031"
                    HEIGHT="80">
            <Shape><Polygon POINTS="574 1910 574 1919 642 1930 643 1930 644 1930 675 1919 684 1917 710 1919 734 1922 735 1922 737 1922 745 1919 759 1915 885 1915 896 1919 912 1925 913 1925 914 1925 963 1919 996 1915 1262 1915 1270 1918 1279 1922 1281 1922 1282 1922 1303 1918 1322 1914 1343 1918 1369 1923 1370 1923 1372 1923 1390 1918 1398 1914 1490 1914 1503 1918 1544 1930 1545 1930 1547 1932 1763 1932 1763 1930 1764 1930 1800 1918 1897 1930 1898 1930 1949 1921 2015 1930 2017 1930 2054 1923 2225 1929 2226 1929 2227 1929 2260 1921 2313 1929 2314 1930 2449 1930 2449 1929 2451 1929 2477 1919 2559 1923 2561 1923 2602 1914 2604 1899 2599 1863 2550 1871 2491 1862 2442 1855 2441 1855 2402 1862 2350 1873 2277 1873 2251 1862 2241 1857 2240 1857 2238 1857 2222 1860 2194 1867 2157 1860 2145 1859 2143 1859 2134 1860 2090 1873 2026 1873 1984 1860 1970 1856 1968 1856 1967 1856 1966 1856 1956 1860 1920 1873 1813 1866 1811 1866 1638 1873 1561 1857 1526 1852 1431 1852 1430 1852 1405 1857 1341 1873 1263 1857 1242 1853 1005 1853 1004 1853 963 1856 946 1857 945 1857 899 1875 836 1875 752 1862 750 1862 724 1867 673 1855 668 1853 666 1853 665 1853 573 1853 574 1910"/></Shape>
	    <String CONTENT="testament . Mea uui le te que lon Hontecan ir Ainte et"
                    HPOS="573"
                    VPOS="1852"
                    WIDTH="2031"
                    HEIGHT="80"
                    WC="0.9509485855146691"></String>
          </TextLine>
          <TextLine ID="eSc_line_b1b0c3b1"
                    TAGREFS="LT320"
                    BASELINE="580 1998 1235 1985 2595 1995" 
                    HPOS="578"
                    VPOS="1941"
                    WIDTH="2017"
                    HEIGHT="87">
            <Shape><Polygon POINTS="580 1998 578 2016 717 2006 770 2017 794 2023 796 2023 797 2023 814 2017 840 2009 969 2016 971 2016 1052 2002 1332 2002 1399 2010 1401 2010 1567 2003 1617 2016 1634 2020 1635 2020 1636 2020 1658 2016 1709 2005 1738 2012 1740 2012 1741 2012 1804 2006 1894 2009 1916 2014 1964 2027 1966 2027 2012 2025 2014 2025 2043 2014 2055 2010 2069 2014 2101 2027 2102 2027 2103 2028 2322 2028 2322 2027 2324 2027 2349 2017 2391 2027 2393 2028 2484 2028 2484 2027 2594 2013 2595 1995 2594 1957 2453 1944 2452 1944 2451 1944 2420 1955 2405 1962 2238 1962 2218 1955 2182 1946 2181 1946 2024 1944 2022 1944 2021 1944 1985 1955 1964 1961 1912 1955 1804 1943 1803 1943 1638 1944 1636 1944 1606 1952 1581 1943 1580 1943 1529 1943 1527 1943 1526 1943 1481 1954 1460 1961 1381 1961 1358 1954 1303 1941 1302 1941 1217 1954 1187 1959 1069 1959 1044 1954 978 1941 931 1941 930 1941 928 1941 892 1954 879 1959 752 1959 739 1954 713 1943 712 1943 710 1943 709 1943 680 1954 670 1957 580 1954 580 1998"/></Shape>
	    <String CONTENT="leur en tena aulse un ex hait mortuaire, qui desen"
                    HPOS="578"
                    VPOS="1941"
                    WIDTH="2017"
                    HEIGHT="87"
                    WC="0.9893975305557251"></String>
          </TextLine>
          <TextLine ID="eSc_line_7574c1e9"
                    TAGREFS="LT320"
                    BASELINE="578 2090 825 2079 1284 2071 2068 2075" 
                    HPOS="577"
                    VPOS="2027"
                    WIDTH="1491"
                    HEIGHT="85">
            <Shape><Polygon POINTS="578 2090 578 2112 626 2101 724 2105 726 2105 785 2094 863 2105 865 2105 866 2105 917 2092 1012 2109 1014 2111 1208 2111 1208 2109 1209 2109 1270 2086 1324 2086 1434 2086 1453 2096 1454 2096 1456 2096 1457 2096 1493 2086 1545 2086 1561 2096 1562 2096 1563 2096 1565 2097 1612 2097 1612 2096 1613 2096 1636 2086 1696 2086 1716 2094 1718 2094 1719 2094 1846 2085 1880 2097 1882 2097 1883 2097 1884 2097 1908 2090 1964 2105 1966 2105 1967 2105 2012 2097 2065 2107 2068 2075 2066 2046 1908 2046 1890 2043 1840 2041 1810 2027 1809 2027 1807 2027 1704 2042 1675 2047 1543 2047 1515 2041 1453 2028 1452 2028 1381 2030 1380 2030 1358 2039 1353 2042 1341 2039 1325 2035 1324 2035 1322 2035 1321 2035 1313 2039 1297 2046 1281 2039 1279 2039 1278 2039 1277 2039 1257 2047 1144 2045 1129 2038 1109 2030 1107 2030 1106 2030 923 2031 921 2031 910 2036 888 2046 833 2035 829 2035 828 2035 826 2035 825 2035 788 2049 766 2041 764 2041 763 2041 702 2049 675 2034 669 2031 668 2031 666 2031 577 2032 578 2090"/></Shape>
	    <String CONTENT="Vannée et lepoque decin mort"
                    HPOS="577"
                    VPOS="2027"
                    WIDTH="1491"
                    HEIGHT="85"
                    WC="0.9847125772918973"></String>
          </TextLine>
          <TextLine ID="eSc_line_6a38a57f"
                    TAGREFS="LT320"
                    BASELINE="1241 2129 1370 2127" 
                    HPOS="1240"
                    VPOS="2089"
                    WIDTH="130"
                    HEIGHT="81">
            <Shape><Polygon POINTS="1241 2129 1241 2158 1257 2170 1259 2170 1260 2170 1262 2170 1263 2170 1264 2170 1274 2163 1330 2170 1332 2170 1333 2170 1335 2170 1335 2169 1348 2155 1370 2153 1370 2127 1368 2089 1340 2089 1339 2089 1337 2089 1329 2093 1311 2103 1291 2098 1266 2093 1264 2093 1263 2093 1240 2103 1241 2129"/></Shape>
	    <String CONTENT="emet"
                    HPOS="1240"
                    VPOS="2089"
                    WIDTH="130"
                    HEIGHT="81"
                    WC="0.9986637979745865"></String>
          </TextLine>
          <TextLine ID="eSc_line_ebc4b5c4"
                    TAGREFS="LT320"
                    BASELINE="574 2253 2576 2237" 
                    HPOS="573"
                    VPOS="2189"
                    WIDTH="2003"
                    HEIGHT="87">
            <Shape><Polygon POINTS="2529 2193 2515 2192 2502 2192 2456 2196 2393 2189 2391 2189 2269 2199 2267 2199 2252 2203 2232 2211 2106 2211 2083 2203 2051 2192 2050 2192 2048 2192 2047 2192 2021 2203 2001 2211 1939 2203 1902 2199 1901 2199 1900 2199 1886 2203 1857 2214 1795 2214 1733 2203 1691 2196 1541 2196 1540 2196 1477 2198 1475 2198 1453 2203 1399 2218 1217 2218 1164 2209 1162 2209 1051 2220 1008 2203 1001 2200 1000 2200 969 2200 968 2200 967 2200 958 2203 905 2221 830 2221 781 2204 779 2204 778 2204 735 2210 573 2203 574 2253 575 2276 759 2264 910 2264 942 2272 946 2273 947 2273 949 2273 950 2273 954 2272 975 2265 1205 2269 1291 2271 1292 2271 1293 2271 1302 2268 1332 2258 1689 2258 1715 2264 1738 2268 1740 2269 1846 2269 1846 2268 1919 2261 1953 2258 2051 2260 2289 2264 2291 2264 2292 2264 2316 2257 2317 2257 2321 2257 2485 2262 2486 2262 2576 2253 2576 2237 2573 2204 2531 2193 2529 2193"/></Shape>
	    <String CONTENT="Je elonne à la monmée na latnucie la somme de Vingt"
                    HPOS="573"
                    VPOS="2189"
                    WIDTH="2003"
                    HEIGHT="87"
                    WC="0.9642992428704804"></String>
          </TextLine>
          <TextLine ID="eSc_line_f6d5b353"
                    TAGREFS="LT320"
                    BASELINE="571 2323 1259 2312 2572 2309" 
                    HPOS="570"
                    VPOS="2262"
                    WIDTH="2002"
                    HEIGHT="93">
            <Shape><Polygon POINTS="571 2323 571 2346 772 2339 794 2345 804 2348 806 2348 807 2348 826 2345 865 2338 888 2344 927 2355 928 2355 930 2355 1151 2344 1245 2353 1246 2353 1248 2353 1292 2341 1307 2337 1321 2341 1328 2342 1329 2342 1330 2342 1380 2339 1463 2335 1489 2339 1539 2346 1540 2346 1625 2339 1654 2349 1656 2349 1762 2350 1763 2350 1764 2350 1800 2335 1807 2334 1888 2334 1900 2335 1989 2349 1990 2349 2050 2342 2163 2349 2164 2349 2165 2349 2205 2333 2207 2333 2244 2348 2245 2348 2247 2349 2338 2349 2338 2348 2570 2328 2572 2309 2569 2272 2520 2262 2518 2262 2434 2272 2412 2276 1895 2282 1882 2277 1850 2266 1849 2266 1847 2266 1654 2268 1592 2276 1536 2268 1381 2268 1380 2268 1379 2268 1332 2283 1328 2283 1319 2283 1224 2272 1223 2272 1222 2272 1178 2284 1173 2286 1031 2286 1027 2286 976 2271 975 2271 888 2271 887 2271 570 2288 571 2323"/></Shape>
	    <String CONTENT="niille ee tes pane perner et Soin quelle a en de pure qua le au"
                    HPOS="570"
                    VPOS="2262"
                    WIDTH="2002"
                    HEIGHT="93"
                    WC="0.9529552573249453"></String>
          </TextLine>
        </TextBlock>
        <TextBlock HPOS="2628"
                   VPOS="143"
                   WIDTH="3"
                   HEIGHT="4"
                   ID="eSc_textblock_fa8f12dd"
                   TAGREFS="BT453">
          <Shape><Polygon POINTS="2631 143 2631 147 2628 147 2628 143 2631 143"/></Shape>
        </TextBlock>
        <TextBlock HPOS="2628"
                   VPOS="336"
                   WIDTH="3"
                   HEIGHT="4"
                   ID="eSc_textblock_a226f3b1"
                   TAGREFS="BT453">
          <Shape><Polygon POINTS="2631 337 2631 340 2628 340 2628 336 2631 337"/></Shape>
        </TextBlock>
        <TextBlock HPOS="2628"
                   VPOS="490"
                   WIDTH="3"
                   HEIGHT="4"
                   ID="eSc_textblock_6a747686"
                   TAGREFS="BT453">
          <Shape><Polygon POINTS="2631 491 2631 494 2628 494 2628 490 2631 491"/></Shape>
        </TextBlock>
      </PrintSpace>
    </Page>
  </Layout>
</alto>
