2867 2479
129 93 605 95 ne pouvant cy pervinur

2641 104 161 76 A14

157 172 614 92 du veudats Les imles

804 115 638 150 Sera, lu Partier out

1478 198 1311 157 Constitue hrocureur le Porteurd dounant Pouvoir

2613 184 48 68 40

125 243 653 97 ai les dependent Ills nout

73 326 737 94 eandent de leur accorder

792 242 695 133 Promettand; obligeant

1514 290 1286 171 Rénoicand. fait et lassé Double Suivant lEdit

13 407 759 99 Maste letbre de Bénefur

775 380 2052 157 au Poit uu Boid vüesd Jsle deFrance, en l'Etue, L'an mil Sept

128 486 2694 140 enventaire qui les mettent ent quatre vingt treize, deuxieme annéé de la Répubbique francaise,

128 572 631 83 Vabre du danger de

5 650 725 108 tedayer lu defenitif plus

793 592 2002 118 le presvier Aut avant midy et ont Signé à l'excaption de ladite

107 747 642 83 ru illes ni uroien Veur

782 672 2006 128 Gertrade Petepermal qui a déclaré ne Savoir écrireni Signed de

194 833 558 95 es fanes avous peremes

770 776 1995 126 dec enquise Suivant Lordonnance ; ainsi qu'il eut dit aux deux miute

159 878 2586 116 acordé aux dites l des présenter, dout l'une ett pour être envoyé, au Bureau du Charte

801 959 1936 137 a Versaillés, et l'autre Contiotéé au fort Nord oiest Jleste France

107 1136 665 96 de leur pere par Bénéfice

807 1057 1916 135 le mene Jour par fervier qui a reuuquarante sol, ett Demeurce

1 1207 49 55 8

111 1158 2619 161 Ci pentuure Sans Etre toumet la qurde et Vossession du C^e Douaud l'un der Notaire Sousign

106 1291 697 76 et dettes d'icelle, Si nonet

108 1351 693 93 Pus qu'e soncurrance de

1591 1262 1098 151 megistré bere may Fouiie Juré au Grepf Du

106 1432 710 80 Vionventaire qui aura été

1511 1337 1216 128 Vabunes de premir Jsnte dde lJss defrene Sontége

107 1497 789 101 duceneus faif des Bieur de ludite

1494 1404 1228 148 sur l'osze Epaition à mmy Regnicente has Jne

112 1572 732 104 Sucussion, duquel sonteme

1496 1458 1223 169 Rerde apéthenten feite Luprunt sungoste

2456 1546 174 63 ncatre

2785 1568 48 73 ce

0 1662 64 65 ré

1509 1561 922 132 Au posjonr Jsle de France le veseg

1505 1623 1101 145 deonludnal Sept Confquate Horgt Hize

2793 1669 40 81 —

4 1762 49 53 1

93 1710 788 117 Suffisante par les dele peritieres

100 1801 795 105 Binesscvaires ; pourvu qu'ellest

2202 1744 188 112 moslet

2784 1783 44 36 ee

114 1878 691 102 n'ayent Jusqu'ici fait acte

4 1973 67 84 Vé

110 1951 713 117 d'hérittes peu lt Simple,

121 2030 715 119 pourquoi vous mandour

2781 2025 52 57 re

125 2104 705 118 que vous ayer a Bicevoir

1001 2045 1743 187 La Republigue francoise Existante par l volonté diufe

2787 2111 45 62 2

125 2174 676 120 Lu déte Cuution, et fasout

34 2225 66 95 26

2765 2244 75 71 3

137 2144 2607 248 Jouir Les dites umpétrantes françois, et tour fresentx Et avenur Salut Et protecsion, Savoir faises

152 2320 682 120 des Bieur ds droits de lu déte

815 2235 1903 201 que Moux ayant eté Expose de la part de Jean Nicolas Demmer

456 2383 365 94 Saus qu'il leir

1277 2310 1460 167 toy Demmerer, qu'Etant habiles a Se dire l portes

2537 2403 95 74 Sur
