2658 2479
507 48 2145 78 de déclare doeser plecne l entiere liborté ama negus

491 129 2154 84 nommér Thute pa tenante de ma meu. 1ar.

491 207 2157 102 rapport ans er Vice esunriel quelle na ce tei desent

497 301 2147 103 dle puur dir necef au à mee foranii ayant e le Véan

595 388 44 36 2

483 395 2152 122 vartie des er enfantte iie parieque potenant ses

478 504 2166 89 madame miclas ma misn elle aurait cnsa litert

482 578 2159 118 à ela mort ca cemme tontes les edela les dema. diffu

471 666 2164 128 iere 3i par rapport a lla fidilite suilie pendan

468 772 2158 121 hoir aur tant chargee de teudre au complant an

467 860 2159 123 sures Eranals dle totabsiement. de la qrande iitien

457 948 2167 146 4ᵉ cnfiui par les sertieur quelle ma rendon de puir leme

460 1048 2119 135 de Ganlier quelle ets a leuu moi noteemment deypui

438 1137 2149 136 les denr fortes Mlenhetr que jar envont ont été

436 1246 1552 118 tesengiem. me di md^e Buulor

445 1315 2122 136 rMte, litertt e . donnnée à la condition dle me Serlier

442 1406 2169 153 qusqua ma niort et pour lu reconequentur, comme

442 1519 2148 126 elle le mesiti ge lui donne. or leques lenoir nan

443 1593 2141 145 Ein du atiie qui le puis dir meit aur ma Sestinctu

425 1699 2153 131 sicelité à la condition quelle haitera bien tenoins

420 1798 1801 125 quil ne paris Ganmair che Veuder.

414 1864 2166 146 Toss. lespais de libertt Serant pie clur ma Suuistion

421 1959 2148 131 e il cais sera quayé eecdes une somme. de mille li tus

410 2030 2159 154 pous laider; el a ar les conmeceents. des lan lisbe reté telle etue

392 2109 2161 156 ana Malarnte. ex pisoir déclarne enyant tenotes ama lete mo

398 2199 2148 139 Augement Sain. fais. huz enᵉ & au Poutre vous avini.
