2354 3513
605 122 1686 92 a aut casui elre iveinte aimatot lon deces celou da soma

595 204 1729 112 teeur dutarant rompur et aunullie par ces les leut autre

591 298 1739 129 tevanits t indc peit pert avoir fait a defficlur au qe

597 431 375 86 lal earrote.

757 505 1577 125 seit et paue en une luile noinulte à la rquisilion de

597 579 1739 152 tectateur au pot touis pla de france enlitude de M^e Balue

587 679 1726 150 Sr rui de la Coderce tiuid seelle et p^elouis ou led. lutode

589 770 1743 172 oit epres Pramporté dau led. d^t douand l'an mil sept cait

587 862 1741 203 quatre Juigt huit le fuigt lix airec quatre leures de relives

589 950 1751 213 Eet a ligne la miverte ces ples rutu au pouvoir de M^ Belui

583 1042 1763 205 l'un des m^me sont a la suitte de la quelle eit arit f^tee du

577 1147 1736 215 Port Louis ple de pane leffiigt huit avrie mil Luit

564 1258 1774 213 aut quatre pugt legit ligne tautanle qui a margné

566 1395 1280 205 Reure Jing Pols Sigue Belui et Douaur

1235 1477 1097 174 nregistré Par moi commes greftien

1161 1580 1189 149 Euré Du tribunat de gremidle Justauu

1153 1666 1195 145 de La Colonie de LJle de Erace

1155 1764 1195 121 Soussique Sur Loruginal a mor re presenté

1161 1838 1177 129 a Renstant Bendue après nien tion faite

1153 1924 1165 115 Sur Jeelui du present enregistrement

1141 2098 1209 109 deux de La Republique trançaise lequots

1378 2014 972 119 du Port, Louis Jsle de France Las

1143 2181 1171 116 cctobre ail eept cent quatre Vingt taiz

1914 2267 279 143 7 mart

37 2502 2307 121 Cament. de Fanu Lorde tant crnatoins pablur a lisle de France. Souslin

523 2601 1827 94 fat pesent ceestoyen Geroine allie quffrer. du tois

519 2673 1833 112 repair de la Ville et conton du part denord. an et de

519 2749 1827 123 laditte Jsle lequel enlad qualité a de posé anci hyn

519 2837 1829 127 eer Vint. des notairee son Aignir aur ête. annuvé amen

515 2917 1835 129 de su nemitter dece jonr et de lite aqui de drait ton

503 3083 1847 186 Jacqner banse negociant dese Mo. Mtle contrene. Sur de

499 3173 1851 211 payer et denné. Veme feuille de papèr a la cloche faitau

495 3263 1845 232 Coulooente. qrle de madagalear Son la datte eu taix

505 3337 666 129 mai mil Sept cent

507 3436 275 61 cn mots

808 3464 132 47 fet

1196 3419 467 92 qualie. ingt
