2412 3508
220 171 1811 90 Pesccinte de Eteapital deuste Ville su

191 243 1889 119 len Sacine et a seution quil a tanjons ei

198 346 1894 108 une lui fait mare cen pestente donation

169 440 1979 111 Sesipele, entetix et imasable et la muile

150 532 1979 120 sonie que donation pus de Valaiis et

152 615 1983 125 pmome se de garentiie de tine vant, dole, luuy

155 701 1824 137 Mietioens, Sabolitutions, a liematens

152 793 2020 140 ee cendica tion e tantur haubles etempuu

146 886 2059 152 genesalement queleongnes due cnrplacemen

136 990 2071 142 Siir en cette Ville auport lonis au compou

138 1067 2080 158 moins cibies ayant queirze peres le faic le

140 1165 2075 169 Sepet toises de prasondenr bonne annoin

136 1257 2102 167 eiere me le de comunination a le sparr un

124 1334 2122 191 ue congi sudinale aus sui pou cempetonement

128 1424 2116 197 du narunné philipe du le stit et a lenete por

124 1490 2128 221 ce lui ele la mornne qulie et porcie teneine lage

128 1576 1983 226 en lacmbles eles mailon ele toute e apece

113 1644 2146 246 con luiths et e le lées Ser ledit teneie telqueli

107 1724 2149 254 tout Seporeent et comante, Sonsen cien ole tecin

107 1804 2158 279 ercepten ni re lozer ce anete par le dit Senmant

107 2001 811 170 la port angrelent.

95 1958 2166 316 poure pun ledit ireiine le port Ser hontiir 4

97 2046 2194 319 ayanteonde Gorsie faiie Et dilpeulee elen dit

77 2134 2223 319 cnpelocement et maidonraper que le leces idu

76 2223 2226 341 Donchiie comme de chaste lens appartenenfoun

2236 2404 57 100 2

74 2330 2113 326 coute popriete ae moyen desyre lenter.

241 2420 1927 292 astenant ledit conplanment a la d^e

76 2673 40 51 dd

2103 2572 193 121 aecate

52 2502 2274 337 denntice pour lui a loin ete concese a lu plun grand

2240 2749 68 92 4

50 2617 2055 312 continenme par M. M. les a doniinis tratenre &8

2256 2851 54 103 4

46 2677 2247 369 isle, Suilant contaait en dulle lu dit Septmer

48 2802 2151 357 Septcent quatie Mieigt cony dun ment enrege

31 2888 2180 335 ace desain a été la porelinte dona tioin anilif

66 2966 2246 364 cane ler canser ei ele tant le duitee euaulit

984 3085 1322 230 liee leution de la donatriie

5 3258 911 201 nareqne lenne et

382 3203 1875 303 yen de ee Prode decu pestent dlenide

1284 3326 1026 180 dit dunataire, de S

2105 3433 149 73 2ap
