2404 3508
908 1 164 59 Sehsle

2058 13 80 90 700

1070 118 1103 180 Caregistré Par moi comis preffe e

1033 204 994 133 hitual de premiere Justance dé

1025 284 1098 158 Soussequé Sar Lorrigmal a aui e

2086 278 48 82 4e

1021 374 1115 148 at dece a Lissant Reudui apré

1021 461 1174 147 farte Sur Ja lui du prrsent enregistr

828 574 1347 125 novremte . Au Port Louis Sole de Roue

1029 650 1162 113 tragt cinq di lote mil efpt ant patri

1000 728 1185 111 treige leû deux de La Repte Frantais

1741 802 177 75 Ne pua

684 838 1374 128 Sun Cou trat de mariage du poimyl y

2074 890 121 76 89a

208 927 1987 123 Peote libre et majeur, panquier se son état demeurant de

232 1019 1144 117 le Comp des malabar d'une part.

415 1103 1741 130 El La nomme mary negusse libre emenepre

191 1181 2014 146 procedant de Pavis et Consenterant du Sitopee Brun notaire

202 1266 2001 137 vublie Son furateur de unu ici present, et meure depr

191 1334 2018 151 Lavin et au trisali de persouse Bouveittant a de fout de

187 1422 2014 154 parail, avecubles a cet effet divant le snge de parpde

177 1494 2016 166 la Ville et Canton du port du nordi ouist de cette B

189 1578 1996 181 que a Rapporte proces Verbal du devis et a tousation

187 1730 193 74 4e

621 1650 1570 170 de ce ceyois, La ditte nary deeurant odit

173 1779 1201 119 Campua labar dantre part

278 1824 1913 181 Le dit Coutrat de marigé passée Devant Bran et Desliste

163 1888 2026 189 notaire vublie, le tiagt me mie le mil Sept ant quatre Vingt

152 1956 2037 203 haiza Controllé le Vingt sxt tre quatre, du mene mois a été

1748 2061 47 67 7

1860 2056 78 56 i

2037 2054 35 46 11

2283 2056 48 48 4

142 2120 696 127 extrait ce qui Sent.

163 2137 2030 252 te pour se dancavedit feeuré Reaproques de lamite

1863 2301 340 90 terateur diclus

99 2225 2096 283 qui les nuit, les faliuis Gorux la futare Eouse proudet

764 2334 1076 168 Bisoin de Lautdrite de Son

81 2451 652 133 en lent que di

113 2383 2086 283 se faice par ces preru lrs donna tion mu tuitle en tese

77 2478 2120 252 et Juivocablé de fous liiira Beu aicuble, Jiment

1000 2562 1185 183 auy quila Envirteeut at puissent con

85 2673 860 162 predent et avenir ai

1117 2648 1078 164 deux Jouir a desposirin lu

81 2755 1004 162 jour par le Survivant

1633 2749 566 100 Loude Vioin nncumo

1988 2818 197 105 d n9

2296 2788 47 108 4

99 2802 1530 193 propriete soceut du predecede

87 2853 2008 222 lepoque dt decés de luit dee dits fatait epour, /

85 2956 2096 218 pint den fant ui i a raitre du pretent mariage a

81 3028 2089 226 donatot desenent i dit cas nille et Revognée de pleur deuit

257 3112 1918 230 mo et est cone entre lis parsies que el les dita nny

844 3246 204 94 d d. 54

1068 3254 162 78 1979
