2479 3033
578 94 1863 96 semoine ce present. Son testament aisss que

544 170 1887 129 Declare le sesstateur quil et Veux de cotiee

1 369 583 87 e crnsant

524 286 1912 104 elezeble marie qard de laquelle il na, au qui

583 498 1815 95 eli pole landican dece dée eponde, de vean

571 574 1862 121 bapsisre hesbu estoqur nabilant au cant

578 706 414 87 de Mlacq

569 776 1862 90 seclare pareillement quil a donne la libesto

571 864 1872 96 a la n adelaide negessefde, caste qndiee

571 952 1884 89 cn dle vant Son elela le por arte recun, parte

593 1044 1859 83 ce pelier a lafir du moir peredent que, que

572 1127 1883 79 les acte el a poriie de donnun, a ceste

566 1208 1891 82 meyusre diflerentr meubler et efete une.

566 1282 1889 103 negu le nonnnér Saphie dle cue talingen et

571 1368 1865 94 nue semme da equit paniquai, il de lier.

572 1444 1851 104 le vecution deice lui Voulacnt et en teudant.

569 1519 1439 96 qeel en soit ayonté ni desieumée.

2114 1572 29 40 2

569 1605 1871 101 Et parir eveuiter cepresent res tomenta

2253 1577 62 54 —

564 1688 1888 99 chaile et mo emné ler ci toyent qean cyd

572 1777 1883 91 herbee sun qendet cn ele hur denanuré, et

562 1861 1901 100 nco je et ne charlee lacherr, marihand.

556 1956 1911 101 en eeport ennhe cen manie ele Rgnele, il

559 2040 1908 93 sé de raisant ele tous iler oner Sui tant

556 2119 1877 118 la contoume declacant ne lagene, tais.

556 2200 1901 140 au Les esttament et csdiciles quil auroite

554 2293 1052 82 or faiie a lacit recut

552 2360 1898 182 Sune te comme evcitenant ser deiet

1658 2332 788 114 cy asepuel, eecet, il

564 2451 1702 143 de vasetions quel tent et entend, iles

561 2530 1009 73 evecatier dans ruir leui

566 2581 1896 216 non can dubienie on cmpertrenent de loi

1575 2572 868 137 erenteni Sucilant

564 2665 1827 216 a sesetite evecilient lestanmentaim.

554 2744 1035 117 cacotie pousse ngce eouune

554 2830 703 78 niini rete la in

1284 2869 377 96 et duté

1597 2819 187 69 e

1793 2842 288 86 dtaet

557 2908 430 69 dacadite

1016 2928 347 101 Ticracie

2088 2871 230 87 Seut

2362 2916 69 66 d

1412 2975 40 56 22

1680 2926 266 100 a uroi

1998 2943 135 74 et
