2479 2567
98 152 100 64 34

243 149 124 77 2 12

546 246 34 47 2e

611 155 1752 127 de Le Paroisse S^t Louis la Some de Cinq cents Livae

2152 136 105 73 186.

629 245 1078 88 Reconnoissance des Bour Sersie que

533 309 1341 100 Vectoire ne gresse freste de felle Jsle felle Se

1714 285 656 84 ma Meudu la aomme

533 403 1840 87 voir Libre a que Jai pronces de ne famaes Veudre Sa fitte en

1901 375 469 68 perrot Secterbe

539 462 1814 99 lachitant a la Nuite de sa Prslerbes en Consequence Je donne

546 526 1831 92 a Vetoire Sa libité et trois aulte Livres a sui qu'elle nn

550 584 789 87 Soit Grar à Charge de

1377 626 976 85 La Colonie ny de Sis parent.

694 708 1660 74 a donne a la nomme francoise negrese libse ayee

547 760 1830 94 Eû le mailleur de perdu la lui par la Verette la Soene

554 835 1813 76 de renq nalle livres pour lui acder a acheter eunu aegueste et

551 892 1808 109 la faire Vivre et Son Jels En ettendrent qu'elle peusse, souise

2397 938 30 41 4

547 964 1782 105 la pelite habitation qu'ellle a loué au C^e Breu Ja dou

2394 1005 35 33 2

547 1033 1810 109 a son sils Jean Bapteste cresle leibre qui est appeutivage

542 1116 1815 93 de faitteur La Somme de deux aulle hores afui qu'el veunse

2390 1126 46 41 2

551 1197 1783 89 aider a Sa murt en travaittant Sur la pelite la bitation

2363 1170 83 79 de

551 1286 1771 84 et Se procurer un Ban etre se pru mes executeur

2374 1267 73 52 ele

551 1360 1809 91 lstamentaires davoir pitée de cette malheurense françoise

2390 1340 51 66 2

549 1437 1818 94 layant prese Cher moi a lite de Charite et Secours

553 1517 1807 80 Son mare Layant a bandonne apres avor de ompé tout a qua

563 1578 1552 81 rette famme avort ye Ramasser par ses travau

646 1650 1714 89 Le Prie le C^e Sancet de Contemer Ses Bout pour

2382 1631 48 60 4

569 1705 1540 104 cette furime ma teurense Soir fets Jean B

2379 1714 58 54 2

550 1792 1812 83 Vou drabien Se Charger de sis posiers et leur Server de

2372 1821 82 71 t

551 1861 895 99 Mnolateur comme Jl La Jait

784 1973 302 62 Vrie tel

1162 1912 1204 103 Saucet Daccepter ma aconte que

542 1983 1820 123 valdu dans la Salle avec la garniturt de pelit tut

549 2063 1817 108 dor vour Veste avec la Chance en argent consuant une

2372 2113 87 63 3et

561 2154 672 103 douzaine de Boutous

654 2217 1699 104 D Chée lamy Richard mon Execnteurs sestamentn

570 2286 1774 108 de ccepter ma garniture de daise Velit Butous d'on

571 2345 1783 130 avec la paie à fit a grance pour reste avec ai

2387 2400 50 75 6

554 2431 1786 124 peudale, a fui qu'il peusse Se Rappellis de amon anne
