2329 3508
233 1 451 88 jage Veuve pa

976 1 82 61 lai

1159 1 29 34 6

1763 1 400 47 prreviver

228 40 454 121 Cq; ail ept

713 21 197 107 ceat

1149 1 554 141 Laveveur fuvant

1535 46 651 111 net Louis et Cond.

218 97 859 138 dit Lotament parrapte de

826 116 520 137 Velle Canton

220 189 549 130 de pasx de a

214 136 2079 255 entrantos dipositions lege nanversel sn farteur des

1237 228 1035 150 uucbil ses deux feer le

212 315 976 162 de fea pan et de tiene

1434 327 848 132 Déry pour Sen exceute

210 461 518 82 nomenation des

769 376 567 136 étoyer Richard

220 533 442 92 testenantaires.

1510 467 686 117 le dit canmont a l

339 539 1126 178 Du Depet de la quelle peeu

208 684 731 124 a lui atroyé par

958 571 1353 183 les dite notaires Soussiges et defo

1056 656 1249 164 anuae a la panciore unonte d

214 763 731 112 la ditte puie a ele

192 748 2101 220 renutes au Registre du dit Bruu apres avar eté cestif

198 834 2097 206 Seunere Signée et parraphée par le Dit Camont en prese

202 970 1055 142 dis actaires Soussegres envarcetur

341 999 1978 205 fait et lassé au port Louis, Jsle de France en de tade

183 1108 2140 180 en double menute le dx di huit de cembre mil Sept ent

192 1218 2127 136 quatre Jigt haze Lait deuxieme de la Republigue apres an

189 1288 2128 148 a Segue les dens aunutes menuttes des presentes, la parlus

177 1372 2132 167 desquelles a eté Coutrolle par Servier que a marque sre

194 1492 490 133 quarante Sols.

502 1541 1312 142 fuit La teuur des annexis

270 1687 2016 154 du nont du yere du fits et du S^t exprit ainsi soit

175 1767 2148 162 Je pierre olévier umichel Soussigné quarant a Lhaire de mor

93 1851 2220 179 Brcès, et Vontont auparavant prtbeni ce momeent en mettant

173 1954 2134 160 autant quil m'est possible fordre dans uun affaree en

173 2030 2138 162 disposant generatement de tout ce que vent neapparseuir a

161 2114 2156 156 Jour et quel ue provent uniquement que des frents de aus

237 2188 2043 152 ropre Dou travau P Raison que ne pernet na ture ttemment

153 2260 2162 162 de las partager et les donnar a oux que né eu paraistent les pr

142 2338 2171 183 digues et desqels ji Recu dix Services inportantre telles sus

142 2467 770 128 mes dernars Volonté

516 2506 1795 177 Chouy et nonamt les Citoyent ptes Michardet du

144 2627 2159 165 et les pue de se Myr Charger detre us Eaecuteur

144 2710 2144 170 testamentaires meu Raxportant le toute ce qu'il seronta

146 2872 1113 100 Sujit à leurs amities et a

1309 2755 992 185 veurs probités que sai lape

134 2857 2169 239 Ne pasqu'a ce jour à lepreuv de tout ce qui port vlens

136 3040 665 101 une ame honsete

2239 3036 41 111 9

259 3075 1945 187 se pir mes Executenrs testamentairee de donner ast
