2204 3508
351 1 214 63 r

583 1 413 133 Cordit de

1137 5 259 108 qn

1691 1 113 49 330

273 83 214 88 arer

501 128 1402 283 nselie de commnnation a le s

1004 95 948 207 na lendent sonme au

1484 62 437 119 pcerlsele

267 190 1700 314 rue lonne ludinale au eit pae cemple

273 288 514 150 des ncene

267 415 1712 245 ce lui dle la nomme julie et parer tenis

737 397 89 45 1

803 393 1200 181 philipe du le stit et a conis

259 514 1687 214 en lambles des maiton ele lonte eMuis

263 611 1749 209 cons tentts et ele lies Su cedit tenite

257 705 1763 195 tont Sepourent et comuarte, Sossen nu Re

261 810 1705 166 eerten air antotie eracep le parn ledit Su

259 896 698 115 le port anpreleus.

255 999 1785 139 vour van ldit eiine le fort ses hontitea

259 1091 1781 134 ceyant can le Jonie faire et dite leelend

243 1192 1767 107 ce Cacement et maitone aprer que ce leu

17 1280 150 93 170

232 1280 1773 93 dan huis esmone de charte lenr apparten

230 1354 1794 105 lonte popriete au moyen despre lentes

239 1446 1771 89 axpartenant cedit Eenolanment alade

232 1516 1843 101 don a tice pour lui a Voirs e te concede aeu plus grun

234 1605 1843 92 contememme par M. M. les adoninishaters Mua

230 1697 1860 88 esce, Sui lant contrait en dulle du dit Sept ns

226 1779 1857 88 Sept ant quatre iigt conn, dut ment enreerte

228 1859 1857 89 an cesain a eté ea perelinte don teoin ancuifuite

216 1941 1851 83 poure cer cantes ii ele tant le dintes e enante

189 2026 1882 84 pareqne lene e l lin lution de la dona tuie

204 2122 1869 86 a u moyen desce Rrade desa pestent denide et

196 2194 1855 99 de sailaie en cateie desdit sunataire, de ses

189 2274 1884 105 hoitier et aggantenute, de tous droits de prajour

185 2365 1857 94 non, raisonr et action qu lese aloitet

152 2455 1919 90 pournoit a loir sur cesdits emplacement et maite

167 2539 1890 86 cocelen tauts quil en Soient saidie et mis enposles

169 2623 1890 84 a compteu du jour dec dit eecu, par qui et ain

161 2697 1883 97 quil apartien dia, con iliteuant aceste fin et

142 2790 1915 78 faice intocener ces pesecites por tant au lese

150 2870 1909 86 ser, ce porteur deie expediteon despeeutenter

148 2954 1831 88 qnel me danne pantoiu dece faise et decn

148 3034 776 93 requesieraito.

154 3100 1890 109 ener ain liset peoie levecntiore de presenter, lad^e

157 3180 1879 111 denatint a uone desmicile en  sa leneeure Suldite

159 3363 30 12 1
