2479 2883
75 33 2229 147 de mais du quel il se de faisit de tous Ses Bins aux termes de le foutame

59 128 2274 125 pr revocant tous testamens, Et Codiciles antérieurs au préfent testament, auquel Sut

254 201 2050 112 il Sarrite, Comme Etant Sa dernier volonté, pour par le dit Precuteur

245 281 1924 117 testamentaire En disposer Couformement a ses intentions Cy de fons

2350 341 95 67 i4

333 381 1988 101 se fut ainsi fait, ainsi fait dicté et Nommé par ledit testateur au Ciloyce

2355 422 85 60 2

245 462 2078 93 Bombard Notaire publie de Canton des parn ple mouses, y demeurant le preseae

253 528 2072 103 des Citoyens pierre Jean François Pailhade Et fande antoine Franchebois hobitos

2368 546 43 72 4

248 615 2077 108 du dit Canton temoies pour Ce regnes, Et daprès appellés, Eu présence desqulyt

2387 714 32 49 —

245 698 2080 96 le dit testement ayant Eté Lu drelu, un Mot apres Pautre, au dit testaleur, ile dec e

257 768 1611 103 y pereister, Etre Ses derniors yolontes, Et n'avair rieu a y fhanger.

362 810 1927 146 fait Et pasré la Brévet a la réqnifition du dit testateur ce Coté de sou les le

2357 927 93 53 l

246 896 2040 125 dant la Cazt casdite, Le Dimenche vingt neuf Décembre mil Sept Cents quetre vinge trus

233 957 2036 143 S'en deux de la republique francoise, avent midy, 4out le dit tstateur ee les tumois

224 1081 865 91 signé avec Bombard Notaire.

2376 1193 58 62 2

318 1141 1963 133 La enulte du présent restée ls la possession dudit Boembard, a été Controllee

2355 1268 99 69 de

251 1223 2013 128 au fort Louis Jfle de France, Le trente Décubre mil Sept feits quatre vingt

243 1295 2061 143 treize, l'an deux de la republigne francoise, zecu quarante Sols Signé servur

2350 1366 108 51 t

241 1415 462 109 Signé Bombard.

1235 1438 1086 139 Enregistré par moi sommis Greffier fare

2382 1527 58 58 3

1148 1552 1185 91 du Ribunal de premiere enstane de Picle

1150 1620 1163 103 de France Soussigné Sur L'Expedition amoi

2378 1659 52 62 d

1153 1694 1176 95 presentée Et a l'instant Venduë a près Meation

2384 1737 35 63 —

1142 1761 1155 112 fuite sur Sulle du present lu régistremt

2363 1854 95 77 t

1253 1833 1062 103 au Port Louis ifle de France Le Suu Jaur

1150 1909 1051 110 mil Sept fents quatre vingt quatorze.

2368 2037 72 51 E

1583 2011 314 138 M Morlis

2368 2160 94 66 2e

450 2119 1849 155 Du Contrait des Conditions du Mariage Latre Le Citayen farre

261 2231 2044 113 Collue huisier aux tribumaux de felle csle, y demeurant Le Celte ville paraine

249 2303 2076 118 Jains Souis, fits mayeur de sui Maitre perre Colise le defuic dame Francaise

2378 2386 73 70 2

240 2372 2091 120 Nobert Son Epoure, Ses pere lt mire de Bar Redut, depertemens de la Me

2374 2463 96 77 fe

256 2455 1344 109 Plipulant pour lui Et la Sou Nonr, d'une pars.

424 2527 1905 112 Et domoiselle Marqueriste Gaillet demeurant aetaelmet le sa ville Sndi

2362 2609 105 73 22

254 2615 2085 111 paroisse, felle Majeure, de Maitre Jean Baplisté Gailles homne de Loi, l de

249 2695 2093 98 fuii dene Marie Plandette Eouges Sar Sraise, Ses pere l mire, aufi de

243 2777 2096 96 Bar M Duc, dit departement de la Menre Sipelant paur Ill lt Le Son
