2633 2479
2569 23 37 55 i

624 6 1904 148 Du Coutrat dess Condition de marige entre l nomme Reni

597 101 1929 141 Beaubors age de Viigt Luit aur Treol mu tate de ceth

604 191 1862 135 Jsle jels de la N marie Reselle ne greste libre aff

551 282 1923 103 ddu S C^ gouglard habitant de atte Vitte la et marie

581 359 1923 128 Noselle Siey present et ledit Reni Baubors Slqitante

581 440 1925 126 du Cousentement de Sa mere pous lui et en Au nont du se

2310 519 179 71 eol

693 517 1607 153 Ete La N^e falherine epouse du nommé Jear

35 610 543 125 lasse devant Nala et

20 600 2475 205 Tcipel notaire publies matabard libre, demeumant eu cette Jsle quartier de sacq, Sipnte

589 680 1897 155 pour sourtate therese Sa fille Creote a ce present ets

592 743 1897 160 Son Consentement dantre port le dit Contrait de marige pesse

595 815 1902 164 le trois sevrier mil Sept cent quatre Vingt treize a été foutre

582 924 1313 135 le meme jour, a eté entrait ce qui Suit.

608 1127 184 75 A

830 1021 1780 155 Pour Lamitée que le fecturs epoux a dit Portess a le ut

558 1107 2052 202 jatur e pouse, Jl lui a Par ces presntes du Cousentement de ser

2503 1257 116 63 Sil

578 1211 1919 167 Sa mere, fait donnation a la fature epoufe ce acepté pe

585 1316 1925 119 elle au cas qu'ille lui Survive de la moitie des Bren

577 1382 2042 159 Jousteluis en dot cy dessur vour par elle en fouiss en tut le

585 1466 2024 163 Propriese la presente donna tiou, ainsi faite pourses de

2506 1553 103 55 2

592 1574 1907 125 quil ny ait aucun en fait ne du fatur mariage a

2503 1622 110 74 nir

585 1651 1922 131 en car ou Il yestent et qu'ils Vuisent a decediu en

2502 1718 106 50 à

2506 1783 107 63 cil

584 1757 1893 116 nunorite, meme en siaporite Sons avoir la ladtement

595 1827 2010 121 dispse de leurs Pleus, La Susdites donna ton a

2506 1912 74 56 20

591 1908 1864 138 Reprendra meme forr et Vertu que Sil ny a vorl

2496 1974 114 57 a

588 2017 664 105 pourt en denfant,

717 2041 1797 126 Et pour faire Juinier cen tesentes Par tout on beson

582 2127 1931 99 Sera les parlies ont Constitui pour proarem le portres

589 2182 1908 115 dune aapedelion des prsentes, auquel Jes donnen
