3433 2479
1785 2 569 57 Prax 22 14

2485 1 615 49 Prepe

3127 1 97 71 2

1777 44 1380 147 de tobre aul Sept cent paatre Vingt

3157 84 79 100 10

2943 168 208 129 Marle

89 464 3153 241 Hament. de Banu Lorde Vant. Cnnotaires, publiens a lisle. de France. Son

874 589 2382 218 sest predecit ceeitoyen Geroime allce quffieer, dchiie

880 698 2382 184 de poir de la Ville et canton duport demard. aust

889 796 2348 230 la ditte. Msle lequel enlad qualité a de posé ausis

885 911 2371 223 smr; fesne. der natainer Save Migrer ponrs ettr, amuvé au

881 1009 2405 233 de Sur moineter. decr Jano e. de litie à poui de drcit le

891 1148 2394 225 expedihonr meqe staire. le tetameent a lagraple du

877 1269 2415 217 dacquer barnse, negoriant. eese He. Olle conteume, iur de

874 1397 2408 199 pager et denni. donne femille de papir a la cloche. faite

867 1528 2421 190 son lovinte gele de madagallear. Son Cadlatte au hein

880 1656 2409 157 mai mil. Sept cent qua dle Vingt heuz commenpant

878 1755 2408 173 cex anotr, te starant que je fair bien, porlant pour et

885 1979 39 42 4

1020 1866 2235 154 cev mma mmort e. finislant. par ccurei re Veust.

878 1950 2433 187 conige la prelnnte. en tention aposulpouste. le troin mar amile

872 2049 2417 183 ecnt. guatie Mingt. Luige au de vont Segné. Jyn. Eante cedit.

861 2142 2439 144 a sa sunt. tianté. dani br paprir. du dit ciVayen bonie deu de

851 2229 2446 130 dousdinie. con. de Pappesition de Scelles, Laite lememe. Joun et

89 2404 69 52 7
