2642 2479
246 504 46 60 d

747 217 1660 102 tout Gouvaret elet et deu Requerir acte

823 331 688 108 Car ainsi de N

1422 439 1018 99 nregistre Par moi conmmns gruffai

1349 523 1126 103 du hibanal de premeere Jus tae de les

1352 601 1146 100 France Soussigné Jur toire qual a mi repe

1345 665 1159 102 et a tistant Rendu après mention fait

1336 743 1074 105 Sur Jrelui du prevent enrequstrement

1468 831 1036 126 Au port Louis Jsles de Franc te

1345 911 1150 119 trente un de cembre huil Sept cent qu

1351 1016 436 117 Vingt teize /.

688 1258 1819 93 isle de France y Demeurant Et Enpresime des témoins Cy opres cevomemé e four

960 1165 1535 118 Ardivans le notaire publie du Cantore des pemplus

658 1323 1840 94 Pat présens Citoyen Niné Chevalier Habitant du Cantoie des Complan

672 1396 1828 90 paroisre faint Francois demeurant Sur un movesan de terreinn a luu appertre

657 1472 1844 77 situé près La Reviere déte des Sitrons, dépendant du dit Cantou, dem ou

659 1534 1839 84 Caye bordée Eu plasches et Couverte ln paille, Batis Sur ledit terie, onn

669 1608 1178 70 Notaire et temoises, Se Sons Expris transportes

669 1663 1698 101 dan Sor lis Ser lu ladite Cozs dans une Chambre prérant Jour de

1860 1605 627 91 à Se Négensibion ; lequel le

2418 1667 58 66 2

672 1724 1733 106 Cheniu qui condis au Moulin a poudre, Melade de Coy, emoir Sainr

655 1801 1817 94 Mémoire Es Ensendemant, ainsi qu'il est apparu aux dits Notaire et leu

655 1849 1737 112 soussignéé par Ses puroles. Eistes et actiur ; dans la vuu de la Mart,

655 1923 1814 113 d'ls ttre prévenu, avant davoir mir ardre a Ses affaires, afais dicté u

2417 1848 58 110 Lg

644 1990 1821 108 le present Sor testument et ordonnume dec dermiere Volonté, qu'is veut

651 2053 1773 117 lutenr etre lxienté apres Su Mort de la maniere Et ainsi qu'i Suit.

641 2123 1779 119 veus et Entand, la dis testaleur, que Ses dette, Pil Sau trouses après Seve

639 2187 1658 126 Seront payuer, et Porla répérés, St aucuu Sont avant routes

641 2264 1773 128 des Bien qu'il poura dé laisser, par Son Exccutour Testamentine

2303 2210 124 89 à lr8

633 2342 1769 134 nommé, au quel is s'Ese repoporté Entierement pour Sa Sepisteret

2443 2342 17 64 4

628 2392 223 85 funoraie

110 2287 74 79 -
