2917 2479
701 1 1801 55 cesse fcmvie avrt Ju Romasser par sa travange

807 55 2076 92 le true le C^ Sancit se Contunies Ses Bonté pour le

1311 60 15 46 9

699 130 1733 86 eete fuinne ma Teuueuse Son Jels fran

2664 151 221 94 At2

680 214 2186 95 Von drabien Se Charger de Ses pasiers et teur Servir de

676 294 1037 105 Mnotateur comme Il La fait

2783 297 111 78 E

969 417 285 66 Vru le

1356 395 12 62 8

1441 371 1382 100 Saucat Daccepter ma montre que

666 448 2208 123 vdu dans la Salle avec la garniture de pilit Eate

674 539 2105 123 dor vour deste avec la Chance en argent consenant une

2801 578 20 48 4

674 669 312 77 don jane

1015 633 446 87 de Boutous

2784 640 98 65 set

791 725 1982 94 1E^ thie lamy Richard mou Executeurs Sestament

685 819 2145 87 da lrepter ma garniture da douze Velet Boulous Son ji

685 889 2211 110 avic la paure a lil a grance pour seste avec a eit

656 980 2238 110 pendale, a feu qu'il peusse Se Rappells de mon auu t

670 1104 177 84 amy.

844 1110 1830 114 le donne a Laiu Seze, une pelit Servue à caf

2765 1126 116 59 Se

1813 1192 959 97 Sopase Ja deseréront quele

667 1218 1108 116 Jif porce sanre de france et ma

2768 1283 107 63 2

654 1334 391 76 fut aelue

1094 1301 299 76 Belle

787 1353 2084 116 Comma lae Suis as assir ficle Vour sonantede

652 1461 1106 106 Liberte a tous mes Donnes Sequés

1786 1425 1080 103 La gie mes Execiteur

567 1512 2305 133 Jestamentaires se leurs Donne à Maii uue Anme et i

2630 1614 23 49 2

634 1645 401 93 cant Liur

2602 1705 137 48 812

2755 1688 115 66 doi

745 1647 1991 146 le Doune le Reste d moii Iun après les delles e

619 1746 2238 150 lege Jayes at acquetes aus en faur se aus deut fe

2790 1834 37 54 3

659 1857 2056 115 domme ce apres la mortie ort enfan se mou

2786 1904 74 47 304

641 1968 624 106 feres, ferr Jean

1335 1919 1419 111 unchal et Lante mantie asvinst

648 2012 2109 118 de cnpu faré élenne michil sous dencciurant a la qer

651 2109 1081 84 de Sarance pars . Mat.

2769 2101 90 68 ii

742 2180 405 122 Le Loui Les

1205 2149 1532 122 Ee toyen Richard et derx dexcute aundeunr
