2775 2479
628 1 80 36 5

622 1 616 91 Nofoire et temoinr, st e

1445 1 196 54 dons

622 5 798 150 das Son les Sir lu ladite Pors

635 1 1882 197 lemin qui conduis au moulir a poudre, Molade de Coy, mais Sain d'E

615 52 1902 219 mimoiré Es Entendament, amsi qu'il eot apparee au dits Notaire et tiern

626 119 1880 207 soussignés par ses parolss Gutes et actio ; dons la vuc de le Mart, et le

631 185 1868 211 d'lu Etre préven, avant davoir mir ardre a Ses affaires, afait dicté le

606 254 1941 208 le présent Sou testament et ordonnae des deeure Volonté, qu'is yu

613 326 1931 193 Eutenr etre laieuté après si Mort de la uansire Et acuse qu's suit. pre

617 392 1933 202 veut et Entend. le dis Testaleu que Ses dette, Sil seu troise après sa

609 462 1942 210 Serant payues, et Porle réparé, Si aucuur So avant outes autres dien

617 541 1930 193 de Liens qu'il poure delaisser, par Son Exicuteur Testamentaire, lu

609 616 1933 180 nommé, au quel is s'la rapoporte Eectiereement pour Sa Sepustire le sr

600 783 269 88 fuséoraire.

726 773 1791 152 donne ls légue a la Nommée Modeste Négrese fréole néc libre agée

606 855 1965 148 d'Envirou ncuf aus fille de la nomme Gacquette, ausir égrene libre fréde

613 937 1934 135 demeurans audit Cantoe des pasceplemines, la nomomie Jeanne de ca

603 1048 562 108 Pasenga Sor Eslave,

719 1065 1816 159 Es le Surplur de ses Pieus Cousintan préncipoaliment le sun ta

597 1155 1952 136 morceu de terveinn sun legues is reside acte lmt, Ses Batimmn

584 1229 1978 141 Soustruit Suu Jeelie, Es l det Toclaves nommés Sicidor de Castn

588 1312 1983 134 inalubur, Es Lafleur myambigne, le dit tistateur déctare Lequer setoar

591 1413 1975 112 a la dite Sacquette de signée Qdefsrs, lu fousideration des Servies me portais

592 1490 1995 110 qu'elle sui a Vendrus de puis pluseners années, Et partien ierement pour le se

595 1561 1982 130 quelle prend De Lui pondans la présente Maladie; Justitue de ples Se

589 1651 1984 121 légatiere universille pour les Biens qi lui appartiennent ef qui ne Sut

588 1736 1994 109 par Comprés dans les deuu Legs fidesant; La dite Sacquelte Negrem

586 1839 1991 102 declarans n'avoir aueur parent dans sette cole, ie n'ayoir aucune nor

591 1936 1063 89 defeux. t o tar jue qc

1683 1929 866 95 le de fap qu'illes peurs aven

586 2002 862 85 frame, et Etre ni a roche fort.

675 2075 1902 113 Et pourr Exécuter Et acompter le de testanment, il vevenmelefitoyne Fre

575 2163 1975 146 habitent du dit Canton, Lequel il prie dde Vouloir Su farges,

276 2069 162 93 presert
