2533 2479
2184 132 101 70 188

207 231 170 66 ANt

418 238 29 56 d

527 221 1932 134 les le sur. et connoi sements; afn. toute. la conelyende

535 308 1915 143 a Vu. le cit Bre tonnache la an. lon Vena. les en Voir.

538 404 1945 162 que. qo leui ai fait tant par mon. ua Vice la deuite

541 491 1923 175 que par dlauter onay hontera anssi. lans He. deu

544 586 1927 186 que je de Voir à diter à lille de france. le Vingt

549 687 1912 179 huit fe luie, que. je Suir. parte pe a Magerr. Sur

550 790 1921 160 mon; na lui au hean leca ausi dant moir.

550 855 1937 204 porte feciele diten reseur et Nour. ele diten. e. le

563 943 1902 204 Son meing prité que. Jai pessté a Vec lecit be

567 1059 1886 192 cide Vant mon a locié qui Sperifie noté.

575 1144 1879 204 disso lu tion. donton Mera, que. Jui gardé. cent

570 1233 1869 233 et le quipage anciambe. de dir. Sept noins. et

575 1333 1907 216 differentes mare handidu; que noir a Viens, pour

570 1419 1899 226 lor enht ler mains duistoyen chavle. M. tant. a

582 1509 1871 231 camplant que Je pon lair a oin pour tout, eye

581 1587 1843 241 mor lui payer. deur ant mmille. le Vur. Je lui

586 1687 1879 242 de Voir jour Solde quant. je. Sur varti pour

588 1769 1883 256 magaquelle la Somme. de quarante mille liteor

590 1877 1881 265 payable le quinze a Dil. por hain. e auquing.

578 1980 1891 238 nai. la Soune de Vingt temit enille Muichunr

586 2082 1850 237 levur ce tont parsalle en mer billit corder comme

595 2160 1887 257 lan. Vema par lu notte Lans. le pragnes. M. dens et

829 2243 1632 226 deset. dite au hontera. tent caque jedoine

1493 2328 976 149 erent dir musmilte cente
