2479 3308
606 1 1655 138 qouvin ace vi niaedigna fors durafe

573 55 1716 152 nacmré earyendie et le nomune rabitie eve

560 132 1751 145 saroile de raredu afesi dir pieur de toile ae

564 203 1595 114 vccor aa laele beonshe ef ilecor deu cent

2302 189 18 48 1

544 283 1723 136 Viltacat en sonoble sor vante qunje aee

2239 308 57 54 dn

544 371 1815 154 serret Lobles deplur ses male vunes ateut

2315 411 44 64 1

536 470 1718 107 quasie recille saler de slanit et seuut

531 564 1828 125 papier elen teur que tant lur soit von

516 665 1755 97 avas tement ges cur fair repra let prelens

502 759 1734 86 reconnaistance de sa conbite amon

2313 742 24 50 4

1121 828 136 79 2

2269 823 140 75 2

481 957 1716 92 dl eeca lant coyere paricar de traite anm

478 1038 1932 101 ma mort en lorgé à la condigna liun dn

2311 1018 92 62 reot

467 1132 1910 112 Bréard mon evecuiteur lestementire cins

465 1231 1949 119 le tont ceyne Vore taitera apies ma mort et

450 1315 1926 125 les mare handliter qiil y ama dant diffenints

450 1398 1931 151 porte cn contiacnant. de hrastee lant quil

428 1499 1988 140 aura des marchandite se cependant il muste

430 1584 1907 167 var beaniong de mare handite elanr te.

428 1674 1981 172 differente porté on de fair traitier onles. fera

424 1777 2007 171 porter touter à soulpountes lé an il en Sera, fait

404 1850 2032 191 un in teitaire et Serant teuderie acepleus offu

404 1959 2017 185 et denuir cot hesiseur. ef dupradluit ee lade

393 2058 2036 182 Veeate il en Sera achelte des noire et chargé ale

391 2133 2043 193 dlu na lci ladenite anaboid de quelquanhe sit

393 2260 2036 171 denide se honte pos icn le tant. Sera cn Vagé a la

380 2357 2054 175 contignatin duci toyen vrcard il cnfera. la Vente

375 2457 2052 174 ef il preryesa lont ceur qui aurant. des reclamatiten

356 2547 2071 176 laire et qui aurant. des litar puar cesit et non

349 2637 2085 167 au Frement car tont acuur agni ge Soir ce de Vable

340 2773 1578 136 eles. lont. ander Cillete Signér. ele noé

1092 2863 136 71 ei

314 2905 2117 169 oin. Jeanteca. dune lepagnet. N^ am Tonter lespactacue. dem

310 2979 2130 183 menhandis que. Jain a chisté. ceprir que. jes La taille pour

308 3070 2126 160 anvus conpte. Seut. el dat le prayert. Nr lent. Vaur Honten
