1814 3508
1380 2 398 109 troisieme feuillet

163 73 1621 96 et Soussignée, fut présent Pierre Hector Citoyen de Couleur charpentier

163 137 1621 88 et habitant audit Canton des Pamplemousses présentement domicilié sur

160 201 1607 105 Son Etablissement Situé Sur la plaine qui avoisine l'Eglise du dit.

163 260 1636 114 Canton où ledit notaire s'est exprès transporté à sa réquisition avec

157 324 1595 117 lesdits témoins, lequel étant dans sa maison malade de corps

163 394 1624 97 mais néanmoins sain d'Esprit mémoire et Entendement ainsi qu'il

160 470 1624 91 est apparu aux dit Notaire et témoins Soussignés par ses paroles

157 543 1630 97 et ations dans la vüe de la mort craignant d'en être prevenu avant

149 613 1644 114 d'avoir mis ordre à ses affaires, considérant que n'ayant par d'enfant

152 689 1635 114 de son mariage et que venant a décéder sa sucession tomberait entre les

169 765 1621 109 mains des Etrangers attendu qu'il n'a aucun parent connu pourquoi

166 841 1609 100 voulant en disposer en faveur des personnes sur lesquelles porte

166 903 1516 114 son affection, il a par ces présentes et par forme de dispositions

166 970 1598 111 testamentaires fait, dicté et nommé au Citoyen Bombard Notaire

172 1049 1589 102 en présence des témoins cy après nommés ses volontés les quelles

172 1105 1642 119 il veut et entend être exécutée par sa mort ainsi qu'il suit premierement

175 1186 1586 103 Veut et entende le testateur que ses dettes s'il s'en trouve, après sa mort

175 1248 1580 117 soient payées et torts réparés si aucun Sont avant toutes autres

163 1318 1554 117 dispositions des Biens qu'il pourra laiser, les quels consistent en la

175 1382 1598 129 moitié de ce qui compose la Communauté d'entre lui et la nommée Catherine

175 1467 1598 108 Sa femme Etablie par la Constance à défaut de contrat de Mariage

181 1534 1600 103 la totalité des quels Biens provient de leurs travaux communs depuis

178 1610 1562 100 leur mariage, Comme Cathotique il prie la ditte Catherine Sa femme

175 1675 1598 111 de le faire enterrer Chretiennement s'en rapportant à elle entiérement

184 1748 412 93 pour cet Objet.

222 1783 1548 128 Ledit testateur ayant chez lui les nomméw françois, pierre, Louis et

184 1856 1577 128 françoise enfants libres du nommé Cupidon décédé il y a longtemps, les

181 1917 1583 132 ayant consideré comme ses enfants depuis l'instant qu'il s'en est chargé

178 1990 1586 108 il leur donne et legue par son présent testament les nommés Antoine

157 2058 1583 108 de caste Jndienne et Perine de Caste mozambique ses Esclaves pour ler aider

184 2128 1589 108 à Subsister, déclarant ledit testateur que ce leg leur est fait tant pour leur

187 2198 1571 105 prouver Son amitie que pour Sacquitter envers eux d'un noir de caste

184 2262 1586 117 mozambique nommé Pedre qui leur appartenait pour toute fortune et qu'il s'est

184 2338 1158 100 vu obligé de vendre il ya plusieures années pour ses vües

228 2397 1515 111 donne et légue au dit Francois Cupidon outre sa part dans les deux

184 2473 1574 111 noirs cy dessus une somme de mille livres une fois payée, pour servir

181 2560 213 68 à l'établir

231 2569 1498 111 Donne et légue au Nommé Michel Malabard libre domicilié au Port

175 2648 1639 99 Louis une Somme de trois mille Livres argent de cette Colonie une fois payée

225 2715 1548 100 Et quant aux Surplus de tous ses biens de quelque nature qu'ils soient

187 2788 1597 103 ou puissent être le présent testament rempli, il les donne et légue au Cit.

181 2861 1592 103 francois Latour habitant de ce canton qu'il fait et institue son légataire

187 2929 1580 96 universel et ce en reconnaissance des différents Services qu'il lui a rendu

190 2990 1574 105 pour par lui disposer du tout comme de chose lui appartenant, le priant

187 3046 1594 96 Seulement Si c'est son bon plaisir d'aider les nonmés françois et Silvain

196 3113 1574 166 Creole libre des quels ledit testateur prend soin depuis leurs naissances

102 3266 102 163 6
