2690 2470
269 1 2201 90 ervare purempart ille de france alitté des temoins Cy aprè noimmmes

76 1 61 45 d

2510 2 126 55 ecle

201 34 881 149 M Souttignés fut Présent.

63 53 94 92 Jude

660 155 2021 131 Sa Dommé Chrittine feme libre affranchie Par C^et de Boux epar

271 256 2283 106 ter morteren suivant jou acte dilberté en datte du trois messidor de l'au Cent

2574 282 107 51 le

258 336 2268 109 pran ellé paiseuté au dit Notaire Laustitot rendu demeurant au Sutdit quartai

2534 370 153 67 n deu

237 430 2251 110 de la riviere du rempart lieu dit le bois Ronge faie de Copt de Mmit, Jngiment,

2529 485 156 58 est e

264 506 2261 101 miemoire l Entendement, ainsi qu'il cous ett apparu par ses gestes paroles lemaintien

269 569 2416 95 aux Notaire de témonis sonstignés et ant même aenu exprès al efet des présente en sicle

263 635 1110 88 l'étude du Balteau, Notaire Soussiqné.

2569 666 81 80 r

546 697 1987 78 La quelle dans lavüe de mort Ciaignant d'en être prévenue sans avoir disose de

2556 742 125 88 Deft

275 751 2119 92 ses dernieres volontés a fait dicté Ruouuné son lesttament au d^t notaire Comme suit.

377 797 2155 103 Prémierement Veut dt Estend la lestatrice qui ses dittes siil s'eu trouve a Son decis soins

2386 861 103 59 14e;

2536 846 149 73 lede

274 887 1368 81 Requittés par son Exécuteur Eestamentaire Cy après nommés.

488 913 2044 113 Donne &Leque la Testatrice a la Nommé feanne femme libre affranchie Pair C^in Mailliard

2622 956 57 66 51

277 975 2263 117 Dy au quartier susdit de la rivière du rempart lan dit la poudre dor qu'elle inftitue par les

2543 1079 142 55 rider

284 1041 2266 118 préteutes sa legataire univertelle tous ses biens Contistant en neubles, linges hardes t un Corrme

278 1099 2245 115 de quatre arpens situé au Pois ronge sur le quel elle Réside de qunratoment tout E qui len

284 1145 2290 122 appartiendra a son deces lant en meubls qu'immeubles quoi qui nou désigné voulant que la dssicé

286 1202 2243 126 Jouisse du Lout, ai fasse le dispole Comme de Chote a elle en tonte pre prieté. / Et Pour laicuter

2552 1258 133 79 eDele

2569 1347 57 71 15

278 1306 2255 134 litore dt à la rivière du Rempart entre le manis du quel elle se distaitit de lon ses biens Juir rut

2576 1392 107 50 Por

282 1361 2240 134 la Coutuime Revoquant Namuellant tous autres tettament ou Codicile qu'elle pourrait avoir

285 1406 2258 143 mécedemment fait Voulant que le présent soit sen laccuté comme Contenant son enteution l'ndone

282 1528 472 89 de derior volonté.

697 1492 1988 156 Ce fut ainsi fait dicté 4 aommé par la testatrice audit Notaire Naprès que lepnesenr delle

2543 1580 131 100 ne

284 1564 2260 159 Lou lestacent lui a été lal Rela une seconde fois un mot lun après l'antre la d^e letatrie

275 1620 2069 157 déclaré l'avoir bien entendu y persisteret icelui ne Contenir que l'exprestion de savolonté

2550 1713 135 88 eseut

522 1654 2030 173 fait de laté en double selon Csloi a larivièe du rempart en l'Etude ledisueuf Rairial

297 1712 2272 180 de s'an doure de la républigne f avant midi que ser le C^emt quillanue fI audré ainé et vierre

286 1757 2266 181 Laval D° lous deux au quartair dibe rivière du recmpart temoin alere quis tapjellé le quils

310 1816 2238 179 sur la déclaration faite par la lestatrice de ne Savoir Ecrie ni signer de cenquite et endoyellt

2560 1977 69 55 e

295 1882 2255 169 fuisant la loi) ont seuls ais lesture Signé avii le nataine deus minutes d preleures aut

293 1941 2254 163 Sigré g audie ainé lavalle Batteau desquil minutes l'ne ett detteume pour être envoye au

304 1985 2221 176 Dureau des Chartus des Colorie lantre de naures en la pottittion de Datseau Notaire Soutiqne,

318 2035 2214 188 lur Atte demarn et en annarse ett éorit Eirajt le 39 Franial au12. Reg 1. ft 163 &. 1735 Recu

315 2078 2221 193 trois france figné De laleusfigné Batteat. /. Enregistie par mor touis auge pmoru De feulie

314 2125 2216 200 duauis qruffier juil peu unt lxpet  a mli peseuté a les efet. Ce jrord lui Aumdt

317 2286 474 124 83 Juui. 4866./

979 2302 337 100 Dfr

2 1856 52 78 Ees

59 2181 9 73 9
