2675 2479
316 1 747 99 ausi tot après mon deta

311 1 2266 194 affranchir la nommee llanete dete nunu moin etclave agee y

312 66 2340 201 vecise aut nveron ds Servie de la quelle je ce ac n qua Etelours

316 180 2230 184 le prl mon éxecuteur testacentaire ty apres nomme de faite

311 254 2195 218 les Demarches imyssairee Pour aueserer Eit affranchissement

323 351 2237 201 à Declare donner en ontre a la ditte llanitte au sse tat Sou

312 484 1748 179 affranchissiment le nomme Mlancel Motambique.

410 583 2186 192 Le nomme Pour executeur du Present testament M^r tonget

311 739 1976 131 Eapetanme Dartilterie que je pree den prendre la penre.

449 782 2164 175 lefut ainsi fait d duté Mot a Mot por la lestatrice a

311 896 2151 138 non dit Notaire Vensuite Por nont a elle lu et Plelie

307 1023 2271 103 quelle a dit bien entendre et y perseverer Comme Contenant Si

282 1121 1753 101 Dereur Volontés un présence du sieur, jean B

2092 1118 399 106 Vandaque.

301 1211 2305 94 tierse le tossé autoie Rousseau et Sunou Doucit Lous quatie

304 1302 1594 113 temoies, demeurant Susdit faubourg de louist

1932 1345 679 91 pour le rreques et

298 1410 266 106 afpreles.

436 1476 2175 133 fait en Brevet en la chambre susde Lai Mil huit Cent

292 1574 2106 148 si le viigt deux avril ver le ouze heures du malenrt

298 1682 2112 152 testatrice a Declare n Savoir écrere yy Sequé et les dit

2405 1644 188 89 la

296 1782 2098 157 temoant ont eques avec nont notaire que avous cezit

2440 1783 54 62 2

293 1867 979 106 Present les tament en tierement

1300 1930 1277 122 des notre Mlaiie auise Sique

2429 1874 98 91 le

294 1944 1635 189 Le toste, vandagne, Donnt Rousseau, Le

286 2061 1574 183 avec Paraphe au de bous est ecrit enregistre

1964 2041 551 132 Caien Etotaire

380 2217 71 104 2

1878 2178 747 109 a Visle de Fracu
