2407 2470
168 5 1934 102 Rertistées en deelui le Contuns ced ll'ixpression de Sa Volonte

267 93 2093 122 Plyis en Hape Double Selon La Loi, a La Aclière du Rempare

174 198 2183 108 an L'stude Le dex Meuf Mairial de len Douz de la Republie ne

166 301 2227 106 Franceitdactanm Midi, Arétam Les Te Guillacune filencoin Ceudr

1445 288 76 68 ans

157 400 2234 106 liend en Mierd La sal Demeurantd Toud deux an Quartus de la

160 510 2152 107 Rusiere du Rempari, Temoind ace Recqeur leneppeliés, Lesquels

198 605 2134 103 sur la déctaration faite lr la restatrier de le sa soir erird lu

150 699 2232 125 Siquer de le Enquite Es Jnterpeted Suidid la Loi J on dSeule après

148 798 2227 117 Lecturd Juite, Signé a vec le Notaird Deur Mmcante  de Rretute, aus.

148 909 2232 120 Signd Cf. Cendré Lluue, Lasal, en Pelteu, Desquel Minates, L'sus

144 1023 2180 100 Eus Distinée pour Etrd En soyé. au Biercad de de lartres de dCblonie de

116 1115 2083 136 Lautrd demeurd du La Ropession de Batte Notaire Soussiené

219 1226 2141 114 Sur leter dernierd lu Mare Eses Lcrin. Elecistrd Le Luigesitef

146 1333 2201 116 Brairiat au Douze, Heg^t D2 fol. 183. cl° 1334. Reur Froi

153 1453 2199 118 Franc Sigéd De la Leuu. Secled des detd dour enile Sigqué Batter

488 1573 1827 142 Aiecire Leun Moi Louis demes Pierre De faune

452 1715 1900 123 Common Greffue Luid Sur Lud pédition du de Resame

445 1836 895 104 A Moi Preteud Ce len Effer.

546 1925 1185 118 Ce Gourel Glué lendre de Rlatger Sepor

1744 1941 490 137 Lieur Mil Eaiir

447 2041 719 120 Cend Sif de Relidu

1173 2066 322 118 Resu

1049 2356 21 112 1
