3125 2479
318 78 332 101 Rameur

362 213 158 67 VIe

769 130 2240 137 Pardevant nons Deuir Louis Durand Notaire a lisle de

287 278 306 97 Marie

742 258 2062 145 france et les temoiss cy après nommes Sonssignes

751 311 7 62 1

286 375 348 113 Roze

1189 358 571 125 fut irétente.

256 520 362 95 Vappierre

622 537 51 48 —

703 476 2399 160 La evemme Marie Roze Lapierre feuine de Conleur afrdeccte

721 577 2315 155 Var le secur Lafierse, natire de Pondichery, decuierante au

544 691 6 109 „

727 677 2313 164 tette ville Lauboury de touist rece de la Recneau en Sa

705 785 2385 176 cuaison trousee par nont dant ene par illocn tervant de Chamte

699 881 2388 187 a Couchar, llalade de Corpe, toute foir Saine depret equuoire

699 1009 2380 176 et en tendement auise qu il nonr est affarie et aux dite

705 1130 1530 121 emons por les ducoure et entritienr,

841 1232 2095 165 laquelle Trayant d'etre Susprise par la mort afait

696 1316 1810 147 et mois a decte enot a mot son les taent

681 1439 263 71 Prcit.

2549 1417 446 80 acccse qui el

833 1527 2057 169 le veux et cntende que tout ce qui lle trousere

694 1648 2276 171 en apparteurr au jour de mon Duit en quorel qu'il

694 1732 1687 149 queisse tonsister Soit et afparteenie a ca

643 1827 2224 190 Beuene Eesfant de ma fille Donphenr décédus depent

2400 1816 580 116 polite felle

687 1912 2210 222 ple sieurs anuur juis liteuant la dite Scande na legaton

684 2041 450 82 eciver delli

812 2133 2073 205 le nommmee pour mon epecuteur le sanuataire M

696 2251 1759 161 Corrolles marchaud Beponteur en Cette velle

670 2378 1132 91 de ine recndre le Servie

1823 2425 15 52 1

2513 2379 446 91 qen, je prèe
