2739 2470
212 2 1868 180 de au Aoum Dezild Commé. Ranjeane Mabair, len frencoi

211 75 387 95 Edeuid Deon

622 119 1602 169 de L'Cestilierés de leledisle. toud quatie leurd es

2080 76 244 63 huitiem

218 178 1995 189 donci les Separet eun en Céted Viled. lnadier Laditie restatrice

2653 194 81 57 ne

216 275 1220 144 M'lsvon Rieu at clanger, dond ête.

338 389 2233 146 Alle ce Dapé au Brédec lu létude Auvored Morr oues da lple de France,

219 489 2406 139 Aeuu Mil Gucidlemd Sif le le deudé Huur Mai Mefferir dedMaties; na ligréé La

2649 445 81 65 4

2651 542 85 70 ege

237 587 2379 122 ditee Compareent de aud declaré le Savoir Ecrin li ligner de le Euquits Ees

2669 602 64 67 17

241 701 2371 101 qulerpetes, après Vrréteratise Leeteud a elu donnée de de Pretenteur le der

2655 687 81 88 t

226 783 2399 151 Notaurd. ala Meunte Sigpé Sobdar, Banile, Denis, Ramenanne ce termand

2651 817 83 65 ete

421 885 2213 140 Euregistré a L'psle d Frlned de 5 Mai 1806. Reg^t B. 2 f 147.  4069.

2645 889 91 79 24

2658 971 79 86 la

255 1020 1218 112 Reui troi freied Sigés lde la Lui

2662 1068 75 101 du

407 1114 2241 131 uuree istri Aar Moi Rouid Ainge Pierrd Deseulie Sud Le Bre sudorqial

2663 1177 70 68 Nee

240 1225 2408 136 Ce Moi Rutenté ci len ffer, Ce dour ds Dix hueir duin Miffienr censvif au

2678 1261 26 31 4

2669 1280 59 56 e

249 1355 183 81 Matur

19 1377 232 99 Aairial au

2054 1314 315 121 De Jeur

23 1472 230 99 de la Repa

2664 1455 73 40 ete

28 1531 41 52 d

2675 1490 58 70 Su

20 1600 217 94 dment de

596 1501 2011 144 Aevaut le Notaire Publie domicalié du quartier de la

2664 1587 72 56 eé

253 1612 2310 133 Diviere du rempart ille de France alisté des temoins Cy après noimmes

21 1693 98 89 ilene

259 1733 892 127 L Soustignés fut Présent.

2700 1798 25 75 7

679 1766 1983 168 La eommé Christine femme libre affranchie Par C^en de Roux

288 1870 2427 167 Eer morteren suivant son acte déliberté en d'atte du trois mebidor de l'autinqn

244 1963 2475 177 par ellé préseuté au dit Notaire &austitot reudu denaurant au Sutdit quartin

2675 2077 59 82 ei

227 2062 2374 162 de la riviere du rempart lieu dit le bois Ronge fair de Coyt de Mmit Jugiment,

247 2124 2424 177 niemoire de Entendement, ainsi qu'il nous ett apparu par ses gestes paroles lmaintan

257 2184 2473 174 ques Notaire de témonis soustignés etant meume ru exprès al effet des présente en j

249 2291 1201 136 Tetude du Batteau, Notaire sonssiqné.

568 2298 2111 170 La quelle dans lavüe de mart Craignant den être prévenne sans avoir diprose de

1390 2361 1145 107 nné son tistament au du notaire Commesuit.
