2739 2470
164 6 1532 113 Peur en a Signé Ated Leflᵉ Gebend ceverd dou con

750 112 542 136 D J Berthilot

1805 31 323 130 DDeune

1460 67 170 195 D

1871 289 40 44 1

24 362 202 116 Vull

264 413 2465 166 Lavde vau Le Notaird Lupfie Domicilie Au Auartur de la Ridiere

146 568 2580 151 du Remplae Jslede Franed, assisté de drenoind Cy aprè Nommes res Puffiqpe

138 710 2102 131 Vun Pretem La Nommée Cristind Lemme Librd affranclie.

2262 677 471 124 Pes C Lella

131 831 2588 124 Lmorteiteu, Suitam son Aête de Liborte eu Lated du dion Messidor de l'n luiq

137 938 2313 128 Var Elle Bretenté au d^t Notaird en aufsétad Reudeu Demeutantd au sles dier Cns

2464 941 269 84 de la le

130 1033 2599 151 du Cempares, Lud des Le Boir Nour d. Saind de Coy, d'eprier duzemend Eemordre

131 1167 372 88 Enlendemems

124 1254 300 108 Le Remoinn

513 1185 2221 113 Ainté quit a appare Lr Sen Gested darole dl Maimlien Cux Notaire

441 1276 2291 140 Soussiqne, Etaid mend Veuid Edprè a L'effeu des Pretented es L'Iluldel

203 1495 2530 124 Lecpuelie dan Lalles de la Moir Cicieneme d'en trd Prévund, san dlvois Dis pote

153 1615 2572 124 Ses derniere Molonted. a fluir Dicld en Nommé Son reslamene Au d. Notierd Coamme

174 1731 2555 159 Vremarem en d'Iaud La Rctatrice Reed se ddettes, si I Ses Tronte a Buldce

1948 1770 23 59 1

107 1836 441 135 Soiuned Cagaité d

553 1868 1550 177 Deut Son Txécnteur destaine entend le Cpre Mommes

237 1948 321 150 doundes

585 1996 2008 218 Lecd La restatriie a le Nommed Fened funcee Lébe

970 2139 46 116 6

2630 2128 49 79 2
