2739 2470
1140 5 343 69 6 Fevu

4 32 2633 160 Iellle La dedeum deuu Franceis Arne Notaired Lubli l' Jsle de Frnce

13 226 96 55 IMèe

134 179 2470 166 doussiqué, Ecelle Prétune des Ccatre Notaied remoin Cen après Nommé les

130 327 339 127 Soufsiques

115 377 2571 202 Est Compar La Nommée Catternine Négrepe Judienn affrancie de la Nom me Mai

118 536 2448 158 Jerleter Veuve tan au Megrepd Libre Demeura Au Camp du Suddn deu lete Velle

109 680 1676 128 leyaut Reprelen u Dercier Aintam d'Impotition.

89 750 2409 172 Aequelle adied que Traisnam de Sucomber Pur ue Maladie de Lngneur

2508 746 178 115 de

124 867 2495 162 Elle Etaid attagnée de pui quelqustems Elle srtand trans ported ei REludd dudur

124 1009 210 94 Notaire

360 977 2260 150 Nour le Requerir de Recidon Ses Dispotition restament aire, eu Preteue

2649 960 33 106 4

115 1075 2489 166 desdl'émoind En apré Detigné, Recques l Etaus portden Le dited Etudd a les Effur.

126 1188 2533 141 res Ladited Catt crinud Cen cund parrd Parfaitemen Libid d'esprie Memoire le

128 1294 2476 139 Eulendemen Auier Notaird, Ja Ruer Ver Ddercière Volonte, Qpele Lui a

126 1421 781 121 Diete Cecuti qu'il Viuir.

286 1483 2432 171 R'Ayancd par d'ntted Leerentd que llie ddeu f'Enfantd les Lor Mariage

124 1613 2534 137 deMed Liciitourd aved de Noumé Carlad Noir libre Créot, a ctueltememt Jmbargué

123 1712 2514 158 dur le Neotord de Rinperen R Roi, de Marimc ; Mer deux desd Enfeud Nommés

123 1833 2492 145 Louir Agé de one ceurd les francois Agé de frend audendenie, rour deuf Affracncles.

124 1937 2513 139 de Brenuer par cettd Au laporr de Rerisel Notaid en son Colleeue en dutee du Maf

160 2047 2499 129 Ventot de L'an troid, lu lautre entemble Aver Ladite Ceett run par actdae

150 2147 2440 148 Rappor de Balu et Lon Colliege Notaiird eu Ceted Jld andite du Juced teme

159 2271 2210 134 Messidor Cn lepid; les ditd Acter Duement Confermée lu Ratiffier

1335 2393 300 75 teur Otled

1740 2371 145 97 de

2398 2314 249 107 Marlas
