3250 2479
75 1 303 73 Vormant

3088 16 104 85 7

61 61 322 86 arciliue

646 55 2201 110 ardevant nous, Deuis Louis Durand, Notaire a l'isle de France

39 139 240 86 en tou

422 139 2130 111 Lutemoins cy après nommés Soussignés fut presente.

3007 66 230 122 Mariax

59 216 324 111 Loatalon

464 225 2412 117 a Nommé Marciline Mouton Vingdasalon fomme de Couleur, D^t

3058 159 121 110 Det

409 305 2435 108 lu Cette ville dans le faubourg de l'est Préole de Cette ette, fille de sen jean

3040 250 29 95 E

3146 302 64 73 3

410 369 2433 122 Fançois aingda salon et de babet, trouvé par nous dans la falle de la cate

416 454 2460 120 prencipale d'ume maiton Site rue de la plane verte, faubourg de l'ett de cette

403 532 2509 124 rille, appartenaute au dvᵗ len selvon, qui lui prete son logement damitie

403 625 2561 110 Couchi sur unlit malade de Corpt toute fois Jaine d'Esprit nemoire Lenteadent

420 702 2576 111 acité qu'il nous est appariu et aux dit temoins par ses descours Vuctitien

603 797 2403 125 a quelle Tiaiquant d'itre sur prite par la mort a fait et nons a dicte

431 902 1642 93 mot a mot son testament aunti qu'il sint.

993 959 2018 135 je donne & degia tont a qui se trduvera mappartemr

431 1067 2548 93 au jour de mon decis et quoi qu'il puiste contitten, a mes deux enfant

436 1154 2559 114 Ne Marie a gée de trois aus environ lLouis Joseph agé diuman

447 1249 1665 115 les instituants mes legatairel unisartelles.

884 1344 2196 117 Connaittant l'attachement du S^e J^n B^te San da poulé youoime

456 1444 2646 106 en faus, et ayant tonte Confiance enlut d'après tous les services qu'il n'a

461 1532 2671 109 le si de e neudie, etprofitant de l'article du Code Civil qui antonte le pere ou

473 1615 2702 127 la mère a détiquer le luteur de se enfant, Je declare de signes et nommer

480 1724 2692 109 le dit Jt B^t fan da poulé vrour Enteur die me senfaus le priant daccepter

491 1812 2705 138 atte Charge et de Contimes a me senfans tons les Sorns qui leura damé

494 1926 671 110 but qu'a présent.

832 1985 2367 120 le nomme pour mon Executenr lestanmentaire le dt Eousilvon que je

549 2087 2659 130 mie de vouloir bien en prendre la peirne et dese rende et denuir service.

752 2189 2484 138 Ce fut ainti fait l dicté mot a mot par la lestatrice a monr

533 2301 2703 157 nous d notavec, puis enseite a elle par noums lül re la quelle a dit bien
