3333 2479
133 473 267 109 enragitte

502 27 2614 106 testateur lrapporté sur une mniute, l'au dix huit cent six et le merredi six aout

509 137 2635 115 à ouze heure du malin et apres Lecturd faite a signé Jean baptiste Blarx tettateur

3248 242 53 67 2

508 263 2556 106 les témoins et nous notaiie publie ainsi signe a la mci ute Blax Lasquier, baiby

516 378 2577 95 manuel aine et mannel cadit et Jeau heury Lastchor, en marge de la dite nuute

3228 380 93 75 2

516 502 2811 99 rettee ee la possettiou dudit notane Souttigue ett cesit à lil de France ce treiz aout umil huit despa

92 666 363 90 enregittie alile

523 621 2111 114 cent six reu trois France signe Detateu a la muute signe Dasscher. /

3195 643 135 77 cerl

74 732 406 88 deFrance R B2

192 811 328 95 189 n° 4794

550 773 2625 156 Vilgiae dur Moi Loui dAng Revid Defamee C^e Greffier Luui Sur Veddsydtition

508 899 2765 155 le Mioi Pritenté a le lffrud le Gour d'eui dudi Diffur Vingedhe Aoue dmillein se

508 1042 1818 146 lemd Vix daprè Seutand Mpmolocgation du bour di ea

2339 1147 393 84 Lefllle

469 1198 41 106 9

59 1338 468 121 LeHameut

2491 1337 69 62 2

607 1326 2483 228 Parderant nour gean Baptiste tuin totaire a l'éste de

3167 1451 64 81 ce

52 1476 461 139 Le Marie

541 1561 2611 119 Trance Jls temons ly Après toceuuer l SousSiques fut presente

253 1651 83 87 A

118 1648 112 114 4

517 1656 39 76 6

79 1787 39 48 2

136 1789 125 49 1

701 1714 2401 117 Na nomme Marie lza funice de Couteur affranchie par

549 1831 2567 138 le Sieur Marui Le borgise trouvei car nout Coche Sur Sou lit

560 1977 2576 172 Malade de Corps inain sain d'espret memoire lentendument ains

831 2363 69 81 22

3174 1322 54 53 e

3189 1196 75 155 1
