2733 2479
2069 20 555 120 Pngt quatriane

479 151 1810 107 la lestatrice en presence M^ jear Souijeannet.

2614 162 17 84 1

468 254 1712 110 Capitarne de marine marchande Josept

446 384 2253 98 Durhoui tounuerrant peerre touis Delavott, et enonnel

2270 333 106 41 F

455 486 2269 118 toret tout quatre donnulus en Celte dette ville temons

446 601 2278 123 pour le requi et afspelles en la Chambre et rmaiso

444 698 2225 133 Lusdite lu port Napolion isle de France lon uil

453 827 2226 121 huit Cent Six le vendre de vingt ercut dont vos les

468 954 2193 106 quatre huires et decni de Le levee la les latrics a

440 1054 2148 131 Declaré in saroir écrire aui Signer de Ce faire

443 1165 2273 139 en terpellie Suivant la loi par nonnt dit nctaire qui

442 1297 2284 113 aroies cerit en cnteerde motre nairnt cer presentee que

433 1418 2277 117 ccons avonr Signe avec les de te temonns ainlex Seque

433 1531 2293 118 P Sanyeanent, F. Dierhant, DelaroIt, Manel, Corit

1169 1491 74 81 4

440 1663 2273 112 et Derracee notaire, avec paraphe jeu marge ent ecrit

431 1753 2179 143 neregintre a l'ésle de france le 19 Septeemtre 1806

444 1853 2279 168 B. 2. fot 193. N° 3081. reuu trois franie Segsé De laluu

2628 1834 96 99 reg

596 1998 2125 129 eIl eet auisi au dit hibual lestanent declenent

413 2090 2100 156 Sigué Eparaphétdepose pour ennunte audit M

433 2233 2192 145 tteur des notaires Sousseques par acte dec vingt

2551 2137 33 81 4

2548 2164 179 86 Diere

436 2326 2109 151 Septembre uil huit Cent Six denment euregaat
