2958 2479
498 24 208 80 le la

726 22 1149 110 aont 180b. reg. B. 2. fol. 16G. M

1957 57 181 84 1822.

2163 39 398 90 Quieriemme

487 136 1196 98 rem trois france Signé De la leuu /.

743 243 2085 112 il ent auest au Breset oregnal du dit les tagment de pote

495 347 2442 99 Pour umente a Cant luie des nataires Souslequés par arte du se

457 433 2334 117 Dix cecuf aont mil huit cent Six enregistre le vingt du

2831 469 113 80 out

494 566 2182 119 meme eavis par De laleu amsi Sigue Areand. et lanz

664 687 2112 110 Euregistre Par moi Louir ange Pierre Deseenue T. Greffier jere

2318 706 61 51 ee

2674 612 74 79 1

475 775 2328 133 sur une expedition a moi Présente a cet effet ; le jourd lui nuude

498 869 1196 122 vingt tenq aout mil huit Cent Sy

1734 895 322 121 Defpre

60 1049 445 117 te Mauieut

166 1165 167 93 De

49 1249 292 126 M^ 2

406 1247 61 77 3

518 1247 2248 128 Parcevatt deuons Deur Louis Durand notaire a l'Isle de France

493 1351 1923 99 Sonssiques t tel temoins Cy après nommes soussignée fut Presente

60 1385 318 106 lalou

632 1441 2222 119 Dace Catherene Contours V^e du S^ Bertrand Caton Cherierque Demeuraute u

491 1506 2319 137 Cette ville, Etateve de Paris trouvee par nont dant une chambre altenante a la salle

2864 1534 27 31 2

494 1585 1793 99 du rez de Chansés de la maison Preccipale de Metablissement du S

2872 1604 19 92 8

292 1688 37 45 1

493 1651 2328 128 de la Boucherie de l'élat, Couche Sur son lit emalade du conp enais saine dsneit

2318 1640 485 80 Verrot en trepreuers

501 1742 1980 100 memoire et entendement ain si qu'il nous est affarce et aux dit temoins

483 1816 621 70 Descour et entreleent.

2512 1809 276 59 por se

2851 1835 93 65 et

595 1895 2241 166 Laquelle Racquant d'itre Suprise Por la mort, apres avoir recoumande sou

2868 1944 84 72 e

502 1999 2332 146 ace a Desue a fait et non a diété et cux dit temoens Soussigne, not a enot Sou

509 2092 823 70 testament aciss qee il sent

2869 2089 58 45 ie

665 2152 2167 139 Le Declaze que jar auune de Luide uni nosse N^e Manou, qu'elle était

2889 2185 64 55 e

522 2237 2310 138 lepre dans son paye et que l'ent de son plenr pre quelle ena seuve pour u

498 2321 2326 118 Servir dans ma troversee, en Consegmece elle enpent etre tonsederce Connud esclave

523 2399 1175 78 et je veux qu apres emon duns ou la reniel

2876 2412 66 53 d

2858 1207 93 26 d

2907 1048 38 77 8
