1921 1272
94 12 768 64 de ne rendre le Servie

879 30 10 27 4

172 36 1488 106 esant de la facmtte quee ui ent accordit par te lode

98 130 1266 79 Cesil je Choisis pour tecteur de ema pelete

1381 99 389 79 felle efecene

112 197 1509 94 te N^e Geau Reut ova el Comue el cnt absent

109 271 1628 101 Desere que Se jes renais a secider avant sontetout

111 361 1661 88 M^r Corrolles Soit nomme a Sa place et puqu au detour

110 440 1618 87 du dit peou Rleue ova isperant que ibf Corrobles

112 531 1736 64 vondra bie accepter Eette Charge que ne sera que passagelé

256 592 11 47 1

197 610 1596 64 ce feet acnse fait et sicle no fa mat par la testatrece

698 601 39 40 1

110 689 1677 56 a nons dit notaire puis cnsente a elle par ceont lil

123 770 1634 61 et relu qealle a dit bisn au tendre lx persiverat

130 845 1609 68 Comnie continant sis dermêrie delontes Reve preant

118 918 665 61 tout autres lestament

277 917 29 34 1

127 1009 1531 90 fait et passe cun simple brevet a la requiition

287 1011 84 34 27

1694 1055 19 32 1

1713 1006 50 90 de

1789 1049 35 39 7
