2682 2470
229 75 1993 126 Affrancie Var lef^ Mailterd Demeuraum dan Auartur susdits

2032 65 345 65 Aeuvu

226 189 2119 112 de le Rie. du Rempares, Licie die La Soudre V'o queledJustitud pours

225 274 2384 132 Sa Léc alair Qnidertelie toud ser Biend Contistantd, en Meuble Liuef, Carde

2367 263 126 53 3

225 367 2422 128 E en ln Eerriee de Duatre Arpent Situé au Boi Rouge Sur lequel Elis

220 467 2415 121 Réside, ln Généralementtomd Ce qui dee appartiendred Lon DécisTuudeu

216 559 2415 142 Meuble qu'qmemeutter, quoique Mon Editignés ; Vouland queladitd Jeanne

215 666 2192 153 Jouppdile toumd, ea feppe en Dispot Comme de elpte ce elu en tout Rapriets

306 775 2312 134 ln Dour Trécuter les Ceccomplée de Pretun restanens, La restatuca Mom me

201 967 2452 144 du Rempars, Ented des Maiur duquel eles se de paitis de toudses Bieur Suis au

1667 889 964 105 libre demeur aind ala Midiere

189 1084 2454 126 Suivamd La Conteure, Resopt aun temntenr toud autre Testamentd au Codiciles

2001 1082 20 66 1

204 1177 2462 133 Quilt Doussand e doir Brudemmed fuir, Voulamd qul LelBreturd, Soun Suit srees

192 1289 2038 112 Tomme louteuur son Guteu ton en ordoucrant de dermerd alonté

371 1380 2282 128 Tefurdaint. fair Diite En Nommé Leur La restatriee au die Notaire le Cprès

201 1455 2460 146 que de Drése Son restemem Lui ce été du ce bélie Vud secoude foir, Vu Mla ln

186 1565 2290 146 Apuèd hentrd; da dited restatriee a Declaré Lavois Bieu Enteute

172 1660 2165 149 Rertistéer en dcelui le Conteurs cjedll'Exprefsion de Sa Solonte

288 1763 2322 164 fluiden Masse Double Selon de Loi, a la Rictiere du Reuparr

174 1870 2425 160 Eun L'stude de dép leuf Mrairial de lan Douze de la Republiqreed

160 1985 2493 161 Franecitd actan Midi, Arétn Led t. Guilt acune francoin ceudr

1597 1991 114 64 Vis

160 2100 2490 136 liind en Sierd La sal Demeurantd Toud deux an Cuartus de la

160 2201 2402 155 Musier du Rempari, Temoin d ace Recqen le seppellé, Lescccile

212 2317 1765 148 sur la déclaration faite lus la restatrier de le

1992 2312 588 97 Sa soir zerdre lu
