2692 2479
1461 1 1213 71 ce paraphey au marge ent ecrit

458 19 2141 162 Euregistre a l'isle de france le 19 Septeemtre 1806.

475 134 2194 164 B. 2. fot. 193. N° 3081. reuu trois france Segné De lala

2613 111 51 76 ee

653 268 2025 132 Il est auisi au dit bibemal lestament denemen

456 374 2227 138 Sigué Eparaphetdepose pour ennmuite audit M^ Lus

482 501 2119 136 leue des notaires Soussegues par acte dc vingt

487 611 2114 136 Septembre mil heit Cent Six denment enregatre

2630 651 48 85 le

493 729 2168 126 tont denuure en la possecsion du dit M. Durand

513 856 1612 102 notaire acnist Sigue Lerand, et Belen

2139 903 76 77 1

745 955 1919 126 Eenregistre par moi louir auge perre Desen

520 1075 2123 116 Coune Greffier jure lus uni axpedition du dit

549 1199 2112 106 Contrant a enoi presente a let effut le jour d'hui

538 1309 2097 106 meroe de vingt quatre Septembre cuil heuit lent sex

545 1410 880 100 au maleu Rese

151 1622 386 95 Mariaye de

614 1611 2064 121 D'lu Couttat de Mariage Lepé Dur Deseur de Notaire Miblies a 4

141 1716 389 99 Charle Sancton

202 1787 304 90 Cinbernon

544 1727 2136 141 de fieued Le Dif Sepd Mépidor An Cinq, Controtté au Lous M.d. Le Vingd Lepur du llie

148 1896 374 91 D^e Pearieue

508 1885 22 77 1

557 1826 1603 124 Mai dar Serdier qui a Reud Cuate Cemd linn Illille Levre.

217 1984 258 95 Jvieu

501 1992 72 106 3

607 1932 2064 135 Vuae J^e earle Seur ton Cambernon Matif de Vingreville Demnrtamdlu tétar Velu

571 2036 2107 126 du Poru 4.. Cle de Blamdlue de la Corderie, fils Majeurd de dulien Cembernon, en de Mai

582 2137 1689 128 Jean Ses Dere e Merd, Lynitan pour Lui ces recton Mour d'Lue Pari

1362 2290 92 49 4
