2365 2470
71 1 712 62 delend leen Aapiur rreren

59 28 683 132 Dicte Ceniti qu'il Vuirr.

2008 48 247 101 Nommé

200 1 1504 254 l'Ayacd par d'eentte Larentd que lller deuxV'enfrents

1449 1 781 178 bre lréof, a ctuellemet ubur

1772 90 204 124 Enfleis

53 113 1404 257 de Med Aiciitond Aid de Moumené Eprlad Noir le

1346 175 270 118 Iled deux

1627 124 128 107 Ditr

1670 167 567 167 Roux deux Affitenel

1921 236 350 131 du led des Meuf

53 255 1277 203 Sur le Neosad de Limperem l Roi de Marimt,

53 292 1613 271 doir agé de onze ceuden francoi ayé difiend auden denne,

52 325 1850 329 de Rrenuir par cette Au Lapour de Rerisel Notaid een son Colleque ls

1479 469 752 211 Ildum date du Lucdlem

80 369 2204 376 Ventotd de l'en troid, Eu lautrdentemble Aver La dite Catt rrun par ditsun

1684 599 361 133 En Raliffier

2058 563 215 121 peurhes

67 594 1385 281 Rappour de Belu ce Lon Colfiezee Notairi eu Cétée

2064 677 202 116 Géntier

78 690 1586 259 Mefsidor Een Leped. Les ditd Acter Duement Confereme

78 712 1971 319 Centoriéd Colonialed. d'Entendrd Justiteur Miled dit dEifland Nour Veuls

1936 867 352 147 cepe, Eu Antre

74 789 2181 354 de roud Med Nieur, qui contistem Actuelleuund, du Su derren An ploument

1767 1004 420 148 Dour quils

72 948 1794 308 Maiton En ddépesdnce Sii au Camp ded Malabard les que

1157 1081 587 164 Iteuild En Dejouf

2060 1118 211 148 efpte

78 1180 1066 173 Lu detudMoir, en Mer Carder, Linges,

78 1143 1975 348 douistemd de toud en router Dropriétés apfier mon ddéce En tomme de

1673 1318 392 144 Nomé Leur

2075 1309 224 98 reteur.

80 1402 941 188 Entierrememd a luf Appartenant.

227 1390 1437 281 de Détere que le Nomméé Ee ferlon Reur Verd Pour

85 1425 2227 346 Ln de Drée Les Vurent de lied Enfent en caldéfluer deno auis Bieun véébante

87 1520 2176 364 d'ldois Egard ca lete Recommendation eu Contril de facilid. Pi le prudlnd le du

101 1634 2155 333 Charton par Eeténemen le se Trouvain par dan Cete Coloiiie Lor de Mion

1384 1724 935 183 La Nommée Granne Triel Matatioffe

93 1838 1268 239 Déces, de iétiqne Nour Entried e lied Enfant

102 1836 2194 356 Tréole Soeu du deus ef farlon ls taute Valernele de Me Enflent, iu l'Ancétiée res

98 1959 2116 327 Ceuf Bour souir de la quelle de le Confie Cen due Cor Ces retled Sound Me d Polonted.

227 2056 1993 298 des ditu Dispotition Ainti Dictée Les La dite Testatrier au din Noteurd

109 2169 2209 285 lui oe llé Ver Lui leur c Reteuur en la Rritnd d'Equed Sobdar Ron du Goutermene
