3050 2479
482 67 2259 106 qu'il nons est afparu et au de teemoent par ses discoure it

462 174 2286 98 en hetieu et etant dans une Chambre de pruidant d'un pavellou sur

458 280 2275 104 un terreui en placement su ru tette ville faubourg de l'oust rue

451 374 2342 123 die Rhui apparteuant pour L'usnifruit a la de Marie Aza et au

446 494 2294 110 Det mari Le Borque et pour la propriete aux enfant du Sieur

457 567 548 125 Pistet Geaffroy.

454 808 2170 127 et noni a dictés Iot a Mot Son tistament aui se qu'il suit.

617 723 2167 112 daqelie tracquant d'itre Surprise par la mort a fait

471 1019 1745 136 fels pour noctie Vles enfaut de lestet Geoffron

626 910 2114 136 le fais LSustitue Mes legataire uuversile Louis Mlon

451 1111 1051 88 Pelits enfauts Pour l'autre.

2238 1074 510 81 que Sont mce

453 1294 2300 156 Phelil met esclavet et a mon detit fit lislet, heppotithe et

658 1221 2239 127 e Doue L legue en outre a ena Petite fille Lislit Rrosalee

449 1406 1239 117 Gilles au Sé illes esclaves Treolee

582 1531 1766 113 je veux qu lil Soit Prei Sur les foude de

447 1638 1889 138 audsi tot après mon deces une Somme Suffésante

2362 1589 529 91 en a Sue SSiou

439 1751 2453 172 affrancher la nommme llanette dete nenn mon esclave agel de

2385 1688 470 116 Pour faire

431 1892 1942 109 queuze aut ecnveron des Servccr de la quelle je cel ac

438 1984 2472 160 fe prl mon excuteur testamentaire cy aprèc nomme de faite

2394 1954 633 104 ¬eu qua Mllelours

432 2080 2462 164 les Deiarctes myssaires Pour acnsérer Eet affranchissement

435 2202 2273 144 je Declare donner en outre a la ditte Manetle au sse tot

421 2324 2010 131 affranchissiement le nomme Mlancel Movambique

2738 2261 203 109 Soe
