2479 2717
1882 4 180 82 quu au

564 1 681 91 Connaittant Catla cheumer

1793 15 76 89 il

2186 4 253 112 mommer

268 3 1400 200 en fans, et ayant toute Confiance en lut daprès

1792 45 386 157 deh ques es.

2047 113 358 130 t Varcontir

273 55 1497 225 Sesli de nu rendré, et profitant de l'article du Code li

2201 194 216 104 2 demé

1795 191 220 104 le Jnia

2015 241 168 98 e leur

274 155 1510 204 la moe a détiquer le luteur de ses enfant, se declare

276 259 1497 210 le dit J^e B^e Jan dapoulé jour Euteur de me senfaust

282 318 1704 237 cette Charge et de Coutieura a mesenfaus tons les Soinsy

285 528 453 101 jutqu'a présent.

496 418 1872 291 je nomme pour mon Executens lestamentaire le d^t Eoe silvon que st

286 546 2084 278 prie devouloir bien en prendre la peiis et dee rendre et denner serices

433 658 1937 225 Ce fut ainsi fait tdicté not a mot par la lestatrice a mons

289 754 2090 222 nous d notave, puis enteuté a elle par nom le Nrela quelle a dit bien

279 904 1876 167 entendre et perteveur comme Contenant Ses dornneres volonte

317 975 2033 182 Revoquent tous autes lesaments ffait et Pasté en Cicmple Prenetala

286 1077 2122 175 requitition de la testatrice, en présuice des et Louis Mouton, sandapu

285 1160 2077 174 pou, fr Pitcheu, et louis Patchy Tor quatre domicelus en Citte de ville

276 1261 2118 162 sutdit faubourg de l'ett, lemonns pour ce reques ansterria de laloi s pune

1850 1331 571 115 de france Aemosendy

270 1370 1576 121 exprès en la salle t maiton Su Dite au Port, ety Cn ille

273 1433 2112 136 vingt troit pluvioté au quatoizeres ls sent heuredunsatin la le Vabria

279 1521 2098 128 déclaré ne Savoir coure ni Signer de ce farie en terpellé suisant la loissan

279 1633 2056 108 noudit notaiie, qui avons si gué aves les dit témoins, a presentes contes en

276 1719 2100 102 entird de natre main les B^ Louis monton et fandapa pere ont signé en

283 1808 2112 86 caractères emalabards, et ledeux autres en Français acunsi Jiqué Francoit Pitchen

270 1883 1968 85 Louis et deux siqnatioer en caracteres malabards lDurant notaire avec

2311 1932 38 46 7

279 1957 2077 101 paraphe, lû marge et corit Evugt a l'ille de France le 3 Juillet 1806

288 2034 1807 97 Reg. Br P°172 N° 4508, Recu bron france Signé detalur. /.

285 2117 2055 77 Iett ainti audit Tettament ouginal denment siquui paraphé et de poté poor uuute audit

276 2179 2101 92 durand l'n des notaire Soustignés par acté du Einq Juillit 10c dcement eurigr et est

283 2236 2085 129 denmeure audit notaire, signé Roze d Durand J Enrégistre par moi louit Augeyon

298 2291 1996 157 de seme dommes greffur pure, sur une lxpe d^ a moi presenté à ce flffet Ceprer

295 2374 731 102 Mercredq 97 ellet 1806.

1053 2419 414 121 Defie

600 2486 85 66 20
