2479 2533
723 1 1715 69 Enségistrt par emoi Etienue tideane buson greffier du trebunal evil

751 56 1675 133 de lisle de franve sur toignal du dit contrat de marsage à moi

750 160 535 103 presenté à oet effet.

805 192 1637 141 au port nord ocest Isle de pance le dis sept plusisse au besemed

584 301 160 71 1812

757 326 1057 96 la republique francaise une et indivisible

808 319 21 55 1

1893 347 252 73 Busson

40 424 150 47 I 29 8

499 451 1906 152 Pardenaent le nesaire Public alule de pance et let temoirns à ajorées

1877 485 61 49 0

35 508 484 132 lestament

422 593 2014 107 nommés donstignes fut present la citoyen Louit pondar demenrant en cette ville

152 629 122 123 de

418 671 2022 125 pres du comp des malabarde lequel étant dans son let en un appartenent

945 755 183 44 d0t e 2I

8 766 2428 130 huis londai dependant dune maison appartenant au citoyen noil pierre, malade de

411 869 2025 113 cop, mais nedemmans sain desprit menoire et entendemeit dans la vü

415 958 2024 114 de la ust crignant den etre presenu avant danur mis ordre à des affaires

712 935 294 58 At 17

1013 935 37 71 1

1119 937 87 52 11

420 1031 2015 114 a fait dicté et rnimé le present son testament et ordennance de dnniseres

860 1034 66 42 30

418 1117 2010 121 volontés qu'il vout et entend etre exccté apres sa mont de la maniere et ainsi qu'il siit.

1167 1121 129 49 30 p

499 1211 1927 107 vent et entand la trotetaux quaussitit son decet la nommis Franoise

409 1297 2036 104 neqnesse craole son esclave toit affranchie de toutes servitredet, priant son ex écute

406 1374 2030 121 testamentise ii apres nommé de remplir touter les Jormalités à at égard

1272 1446 92 48 de

408 1477 2024 99 et pour que la ditte francoise ne boit por à chargeà la colaniie la tessatat,

409 1560 2031 108 lei donna et leque le tert. du prodait de tous les bient qu'il detaisser à der drcêt

409 1650 877 86 pour en jueu, en teute preprieté

1366 1653 36 59 1

1435 1643 554 78 d oitnet é

461 1721 1958 98 Et quand au vurpties de ces biens la testatau let donne et legue bavoir

1373 1778 37 44 2

1434 1778 25 55 4

413 1826 2005 104 a moitie à son frese Bapiste Vondar, et lautre cisié à touise maris.

1725 1825 109 52 CaAIIE

399 1902 2025 141 adalaide, enteant mineur felle de la dette franciité ci desvus, denouee pour

409 2010 1059 112 par rue en jouir en teute propriésé.

1524 1999 358 90 Astant z

472 2100 1961 106 Et pour exccuter la presenr son testansent le trstateur à cto et uonseme

404 2172 2024 121 la pertonne du tit. aquiel, entre les mains dugu l il le dessaitit de tous ses bans, susat le cn

477 2261 1938 149 le fatamts fais dicté et nommé par le dit trotatonr à Pieire ges Bhalu entaine

1471 2366 309 98 det lien.

1093 2420 192 111 352
