2479 3083
873 1 189 69 f

1115 35 89 35 M

1372 47 31 43 2

861 34 1606 166 PauPoit daton ducis Ilede France le vingt quatre

392 59 115 78 don

870 125 1573 145 Veuton au Sixerne le la Republiqne francasse sen

308 159 200 53 parai

806 169 353 93 Vambre

1559 227 46 47 39

853 241 750 94 avereiü dostrdn, Pusson

51 241 128 58 25

428 210 116 127 7.

649 275 48 70 22

1884 253 70 91 52

298 212 84 149 4

1732 320 363 77 li cigt nant

815 340 10 47 1

292 342 604 115 rsy lxson Put

1608 344 473 135 drortenx pler

902 392 38 87 8

604 421 1863 133 Pardevant aont Dens touis Durand notaire publie à Vicle de France soussigne

42 393 495 139 Etament dela

483 491 1994 132 et les teemvins et après nommés jer présant telogenne endrie na gressa libre vauve de

23 515 436 101 Nommie Marie

493 556 1872 123 dierne det Lavma noin libre malatand trouvre par mont dans un appeuti

18 618 2457 121 qepisse lela lent dependant d'eme naison a elle appartenante cnstruitt dur un tevain non concade

147 712 2297 98 unt dinlil au compédes quilett Pais de cette ville du port nond aest au nons nout

1361 786 60 58 3

479 786 1967 96 donnemat capres transportés la ditte naris aisisé tei rui canapé, malade de

34 787 226 84 A&2

275 777 331 115 Tenuin

477 859 1943 86 conps toutefoit dane despit mamoire et entendement ansi qu'il vons rot

1348 921 731 65 ni

188 911 271 89 Tos

477 940 771 79 apparur et laux dits Aumoins

1183 983 16 39 4

1211 955 730 76 dmdt et mot po au

214 983 233 116 t

524 969 1912 135 Le Saquella dans les vüe de le mont et aprés avor reconsirendé son aus à

1087 1067 163 44 dataim

1312 1067 20 46 44

1456 1063 24 67 1

476 1041 1992 147 Ditt et nupplie la devint mapté de lui jaise métériconde et nout a dicté son

1295 1147 104 50 Nᵃ4

1420 1142 41 46 29

1559 1130 745 77 Jant cam ilpoio et

1361 1171 103 43 pt 3

474 1147 690 94 tastain ant ansi qu'il tuit

1257 1176 560 72 ans 34 ai vVn non

63 1216 994 63 aità us van alori

668 1190 1795 127 at ui antant, esla denit maiage avrcspie dit L'amet, tnnuine

455 1282 160 60 L Lvl

477 1253 1966 146 Jean frasiiis egt de douré aus et denu auviron Jelis donee et legue tout ce qui

97 1347 379 103 ài 2uta

1641 1390 115 41 DRIT

479 1320 1976 139 de treusara en appartiins au joir de mon decis stansy en meubles qujniene lles

1548 1450 346 60 A. Lale qute

61 1370 2387 171 Colai rd'roblinttituant mon a légutaire uivartel 'etant dig enu herister natute par le

1908 1484 178 48 1 de

973 1488 923 63 har apalince Bacmbina pansin

22 1519 1528 96 antous aunirs droit du lanq n 2 it 1]  u

1248 1610 251 51 3074

577 1498 1857 180 ae momime pour tuanteur dus present testanment le citages jean Rappte

354 1630 312 81 Latot f

1464 1676 117 52 33

157 1579 2270 198 dau en onsannitie et atonenti demenrant en cette cille dogiel qui de grandes

214 1745 289 49 d9202

1469 1752 191 49 10220

116 1661 2323 180 resi ete isbilegations, et à qui ye pais de mas rendre a denide ye le pris égaleant de

1096 1827 522 70 nt Jaenft dn

99 1745 2337 181 aoit at T Loontoiri bier à le tutre du dit jean frausier mor pl et de le conserver dans

1483 1896 365 66 Am 202 4

116 1817 2311 174 diisae ile jilleumimation paur toutet les voyes de droit et fomialit de qusster

877 1925 440 104 erailté iorittance

1185 1969 180 70 dit

950 1998 122 55 175

1014 2075 113 60 de

517 1923 1907 229 eIe fot ainii fait et dicte par le testatrice à reonts nntaire soussigné luis

22 2067 502 109 agat nes vn

986 2021 1451 152 mont la et relut quelleà dit bien entandre et y pessesere

1216 2134 86 49 M

445 2127 480 87 des suitte à alle

147 2159 60 83 2

274 2173 351 86 357 Lo

1983 2238 28 46 20

352 2079 2084 231 eIr comese contrnant ses dornneres ivelonts apoqant teutt auter testamant quelle

714 2228 428 85 yara Ma

111 2276 471 65 astr mou

460 2175 1972 202 pourtoit avons precedeemant futt es presence de citogen faceis, boger

125 2322 920 103 i alearent Jense angltnn

827 2245 1609 183 raniis aené dielle viilur remousantt 1s dena en cette vitlé temoins

825 2399 305 63 marever

448 2382 355 115 boulangnr.e

70 2408 361 102 Laiqebonnt

906 2327 1516 180 e appelles au la ditte draibre ou appeutn cut dit fait et

1048 2478 57 46 dn

462 2464 401 89 pour ce regeul

159 2500 271 82 tmt

457 2519 462 69 3. aat pee le le di

1421 2510 311 81 0m 510 el

959 2406 1461 192 la requidittion de li teitatie au port nord mett dela defrance

945 2516 12 78 1

943 2582 103 47 21

145 2560 673 113 d. nanyin a pare en bre

1091 2504 1333 154 Cent le ane veutité au sir de la repubtique

409 2610 644 130 ien la ditte et ambre.

445 2570 1986 247 francaise vers las quatie heunre, et denû de relavée la testatrice et le ésoye

453 2653 1979 248 Bayon oit declaré an sauvoins corins ay liged de ce anquis tiivant Verdonant

1055 2745 1341 180 signt acxe rcons dit restaire, ainsi signer scelle ase

447 2848 575 152 et le citogan Jelle

1081 2949 116 103 367
