<?xml version="1.0" encoding="UTF-8"?>
<alto xmlns:xsi="http://www.w3.org/2001/XMLSchema-instance"
      xmlns="http://www.loc.gov/standards/alto/ns-v4#"
      xsi:schemaLocation="http://www.loc.gov/standards/alto/ns-v4# http://www.loc.gov/standards/alto/v4/alto-4-2.xsd">
  <Description>
    <MeasurementUnit>pixel</MeasurementUnit>
    <sourceImageInformation>
      <fileName>JK13_4.pdf_page_4.png</fileName>
      <fileIdentifier>pdf//JK13_4.pdf</fileIdentifier>
    </sourceImageInformation>
  </Description>
  <Tags>
    <OtherTag ID="BT7" LABEL="CustomZone" DESCRIPTION="block type CustomZone"/><OtherTag ID="BT8" LABEL="DamageZone" DESCRIPTION="block type DamageZone"/><OtherTag ID="BT9" LABEL="DigitizationArtefactZone" DESCRIPTION="block type DigitizationArtefactZone"/><OtherTag ID="BT12" LABEL="MainZone" DESCRIPTION="block type MainZone"/><OtherTag ID="BT13" LABEL="MarginTextZone" DESCRIPTION="block type MarginTextZone"/><OtherTag ID="BT15" LABEL="NumberingZone" DESCRIPTION="block type NumberingZone"/><OtherTag ID="BT17" LABEL="QuireMarksZone" DESCRIPTION="block type QuireMarksZone"/><OtherTag ID="BT490" LABEL="CustomZone:closer" DESCRIPTION="block type CustomZone:closer"/><OtherTag ID="BT491" LABEL="CustomZone:paraph" DESCRIPTION="block type CustomZone:paraph"/><OtherTag ID="BT492" LABEL="DigitizationArtefactZone:fingers" DESCRIPTION="block type DigitizationArtefactZone:fingers"/><OtherTag ID="BT493" LABEL="NumberingZone:document" DESCRIPTION="block type NumberingZone:document"/><OtherTag ID="BT494" LABEL="NumberingZone:folio" DESCRIPTION="block type NumberingZone:folio"/><OtherTag ID="BT495" LABEL="NumberingZone:page" DESCRIPTION="block type NumberingZone:page"/><OtherTag ID="BT496" LABEL="text" DESCRIPTION="block type text"/>
    <OtherTag ID="LT8" LABEL="DefaultLine" DESCRIPTION="line type DefaultLine"/><OtherTag ID="LT10" LABEL="HeadingLine" DESCRIPTION="line type HeadingLine"/><OtherTag ID="LT11" LABEL="InterlinearLine" DESCRIPTION="line type InterlinearLine"/><OtherTag ID="LT326" LABEL="default" DESCRIPTION="line type default"/>
  </Tags>
  <Layout>
    <Page WIDTH="2171"
          HEIGHT="3513"
          PHYSICAL_IMG_NR="6"
          ID="eSc_dummypage_">
      <PrintSpace HPOS="0"
                  VPOS="0"
                  WIDTH="2171"
                  HEIGHT="3513">
        <TextBlock HPOS="0"
                   VPOS="1"
                   WIDTH="2169"
                   HEIGHT="3510"
                   ID="eSc_textblock_3e11db97"
                   TAGREFS="BT496">
          <Shape><Polygon POINTS="1491 1 2122 15 2145 2472 2114 2511 1975 2543 1919 2589 1967 2654 2114 2662 2169 2740 2169 3425 1147 3456 1099 3481 1106 3511 70 3511 23 3370 54 3169 0 2894 0 843 23 833 0 601 31 513 7 484 46 474 23 366 62 312 23 210 54 109 117 62 1192 62 1419 39 1491 1"/></Shape>
          <TextLine ID="eSc_line_69e886dc"
                    TAGREFS="LT326"
                    BASELINE="1583 31 2098 17" 
                    HPOS="1581"
                    VPOS="3"
                    WIDTH="517"
                    HEIGHT="71">
            <Shape><Polygon POINTS="2089 13 2069 13 2049 13 2030 13 2010 11 1991 11 1971 11 1952 11 1932 9 1913 9 1893 9 1874 9 1854 9 1835 7 1815 7 1796 7 1776 7 1757 5 1737 5 1718 5 1698 5 1679 5 1659 3 1639 3 1620 3 1600 3 1583 3 1581 3 1583 31 1583 58 1706 66 1708 66 1710 66 1729 56 1751 74 1753 74 1755 74 1757 74 1905 62 1948 70 1950 70 2098 44 2098 17 2096 13 2089 13"/></Shape>
	    <String CONTENT="deax cent quatrer tnigne"
                    HPOS="1581"
                    VPOS="3"
                    WIDTH="517"
                    HEIGHT="71"
                    WC="0.9285424960156282"></String>
          </TextLine>
          <TextLine ID="eSc_line_9769d39e"
                    TAGREFS="LT326"
                    BASELINE="85 138 546 115 1474 113 2092 99" 
                    HPOS="83"
                    VPOS="40"
                    WIDTH="2009"
                    HEIGHT="145">
            <Shape><Polygon POINTS="1292 50 1272 52 1253 54 1233 56 1214 58 1194 60 1175 62 1155 62 1136 62 1116 62 1097 62 1077 62 1058 62 1038 62 1019 62 999 62 980 62 960 62 941 62 921 62 901 62 882 62 862 62 843 62 823 62 804 62 784 62 765 62 745 62 726 62 718 62 706 62 687 62 667 62 648 62 628 62 613 62 601 64 593 62 589 62 570 62 550 62 531 62 511 62 491 62 472 62 452 62 433 62 413 62 394 62 374 62 355 62 351 62 306 76 286 81 87 81 83 83 85 138 87 179 117 165 249 167 251 167 253 167 255 167 277 156 620 160 622 160 673 150 730 163 818 185 819 185 968 181 970 181 1015 158 1083 160 1118 181 1120 181 1122 181 1124 181 1382 177 1384 177 1419 161 1452 175 1454 175 1456 175 1700 173 1747 167 1749 167 1803 136 1827 136 1926 132 1930 134 1954 142 1956 142 1958 142 1960 142 1962 142 1975 132 1979 130 2092 130 2092 99 2085 44 2059 58 1835 60 1641 56 1636 52 1612 42 1610 42 1608 42 1479 54 1452 40 1450 40 1448 40 1446 40 1384 56 1368 60 1352 58 1306 48 1292 50"/></Shape>
	    <String CONTENT="darte repéée le ig u gericival lan cinquiee de la apueblique fravaaie une e"
                    HPOS="83"
                    VPOS="40"
                    WIDTH="2009"
                    HEIGHT="145"
                    WC="0.8333958049615224"></String>
          </TextLine>
          <TextLine ID="eSc_line_8d20d63c"
                    TAGREFS="LT326"
                    BASELINE="60 222 290 214 333 204 343 214" 
                    HPOS="56"
                    VPOS="160"
                    WIDTH="287"
                    HEIGHT="82">
            <Shape><Polygon POINTS="335 173 261 163 259 163 257 163 208 177 162 160 160 160 158 160 105 161 103 161 56 181 60 222 60 232 103 242 105 242 179 232 214 228 341 230 343 214 341 208 335 173"/></Shape>
	    <String CONTENT="dmoit Lonr"
                    HPOS="56"
                    VPOS="160"
                    WIDTH="287"
                    HEIGHT="82"
                    WC="0.9968754827976227"></String>
          </TextLine>
          <TextLine ID="eSc_line_093ac5ee"
                    TAGREFS="LT326"
                    BASELINE="409 242 2106 238" 
                    HPOS="408"
                    VPOS="165"
                    WIDTH="1698"
                    HEIGHT="114">
            <Shape><Polygon POINTS="409 242 411 279 476 263 786 263 806 277 808 277 810 277 812 277 814 277 835 267 884 277 888 277 890 277 892 277 894 277 911 263 941 277 942 277 944 277 946 277 1106 275 1108 275 1138 263 1177 275 1179 275 1181 275 1188 275 1317 265 1425 273 1446 275 1448 275 1450 275 1454 273 1489 261 1548 273 1559 275 1561 275 1563 275 1571 273 1610 261 1632 273 1638 275 1639 275 1641 275 1643 275 1649 273 1667 263 1688 273 1696 275 1698 275 1700 275 1737 273 1811 265 1835 271 1846 275 1848 275 1850 275 1897 271 1989 263 2102 269 2106 238 2096 169 2057 199 2008 201 1780 201 1733 175 1712 165 1710 165 1708 165 1706 165 1682 177 1680 177 1663 165 1661 165 1659 165 1585 165 1583 165 1581 165 1554 179 1548 181 1542 179 1509 165 1507 165 1380 165 1378 165 1376 165 1325 183 1317 185 1310 183 1280 173 1278 173 1276 173 1274 173 1272 173 1259 183 1241 197 1206 185 1177 175 1175 175 1110 175 1108 175 1106 175 1105 175 1089 187 1083 187 1017 175 1015 175 1013 175 983 187 937 167 935 167 888 167 886 167 884 167 845 185 823 171 821 171 819 171 818 171 816 171 792 183 695 169 693 169 691 169 632 195 614 201 408 199 409 242"/></Shape>
	    <String CONTENT="je nomme pour mon épouteur testamentaire le eitoyen, dedlant in desant send"
                    HPOS="408"
                    VPOS="165"
                    WIDTH="1698"
                    HEIGHT="114"
                    WC="0.9446472390492757"></String>
          </TextLine>
          <TextLine ID="eSc_line_fb7d6801"
                    TAGREFS="LT326"
                    BASELINE="74 312 1337 320 2104 310" 
                    HPOS="74"
                    VPOS="253"
                    WIDTH="2030"
                    HEIGHT="94">
            <Shape><Polygon POINTS="74 312 74 337 298 329 499 339 573 343 575 343 614 341 671 335 704 341 734 345 736 347 1335 347 1335 345 1337 345 1343 343 1366 331 1651 331 1735 345 1745 345 1747 345 1762 345 1868 335 1936 345 1942 345 1944 345 1950 345 2053 331 2098 345 2104 310 2096 261 2059 271 2022 261 2001 255 1999 255 1997 255 1964 261 1934 267 1919 261 1901 255 1899 255 1897 255 1895 255 1893 255 1884 261 1858 277 1526 277 1507 265 1491 255 1489 255 1487 255 1311 255 1310 255 1308 255 1288 265 1282 269 1198 267 901 255 900 255 898 255 872 267 794 259 792 259 790 259 771 269 759 277 577 277 568 271 538 255 536 255 476 255 474 255 472 255 470 255 443 271 435 277 398 277 388 271 339 255 337 255 335 255 236 267 187 253 185 253 183 253 74 273 74 312"/></Shape>
	    <String CONTENT="ar reol comensaire aud daius deveurant ene nouse de la prtitt enontagne, lequel rot"
                    HPOS="74"
                    VPOS="253"
                    WIDTH="2030"
                    HEIGHT="94"
                    WC="0.9490210507289473"></String>
          </TextLine>
          <TextLine ID="eSc_line_984472e1"
                    TAGREFS="LT326"
                    BASELINE="62 405 285 390" 
                    HPOS="56"
                    VPOS="325"
                    WIDTH="229"
                    HEIGHT="106">
            <Shape><Polygon POINTS="62 405 64 431 285 413 285 390 279 339 222 325 220 325 218 325 167 341 134 349 56 343 62 405"/></Shape>
	    <String CONTENT="onsle"
                    HPOS="56"
                    VPOS="325"
                    WIDTH="229"
                    HEIGHT="106"
                    WC="0.9041927814483642"></String>
          </TextLine>
          <TextLine ID="eSc_line_8c15b156"
                    TAGREFS="LT326"
                    BASELINE="322 382 2116 386" 
                    HPOS="322"
                    VPOS="325"
                    WIDTH="1794"
                    HEIGHT="98">
            <Shape><Polygon POINTS="322 382 322 419 376 407 421 419 431 421 433 421 435 421 437 421 443 419 478 403 579 403 632 417 648 421 650 421 652 423 722 423 722 421 724 421 734 417 753 405 802 415 829 421 831 421 833 421 849 415 866 409 946 415 993 417 995 417 997 417 999 417 1003 413 1013 407 1036 413 1064 421 1065 421 1067 421 1069 421 1097 413 1126 405 1163 413 1218 423 1220 423 1372 417 1374 417 1376 417 1384 411 1390 407 1405 411 1460 423 1462 423 1573 413 1639 423 1641 423 1714 407 1720 405 1907 405 1913 405 1969 423 1971 423 1973 423 1975 423 2010 405 2048 415 2049 415 2051 415 2114 403 2116 386 2116 349 2065 325 2063 325 2061 325 2059 325 2020 347 1876 325 1874 325 1872 325 1809 345 1803 349 1413 349 1401 343 1372 325 1370 325 1368 325 1241 341 1231 341 1228 341 1192 327 1190 327 1188 327 1128 339 1118 341 1108 339 1067 329 1065 329 1064 329 1062 329 1028 339 1005 345 976 339 937 329 935 329 322 331 322 382"/></Shape>
	    <String CONTENT="pprié par un d&#x27;eacanter les arbiles seivant comne mes denieres volonté, elles"
                    HPOS="322"
                    VPOS="325"
                    WIDTH="1794"
                    HEIGHT="98"
                    WC="0.9596593743794924"></String>
          </TextLine>
          <TextLine ID="eSc_line_287f84ef"
                    TAGREFS="LT326"
                    BASELINE="324 439 1165 460 2116 450" 
                    HPOS="322"
                    VPOS="394"
                    WIDTH="1794"
                    HEIGHT="111">
            <Shape><Polygon POINTS="324 439 322 468 491 470 540 495 542 495 544 495 673 487 689 497 691 497 693 497 695 499 862 499 862 497 864 497 903 485 1013 497 1015 497 1017 497 1042 484 1075 499 1077 499 1079 501 1188 501 1188 499 1190 499 1214 487 1267 499 1269 499 1384 478 1399 489 1401 489 1403 489 1405 489 1479 482 1522 491 1524 491 1526 491 1528 491 1530 491 1548 478 1684 478 1753 480 1794 503 1796 503 1798 505 1911 505 1911 503 1913 503 1967 480 2114 480 2116 450 2112 419 2032 402 2030 402 2028 402 2026 402 2003 417 2001 419 1796 419 1794 417 1759 400 1757 400 1755 400 1638 409 1536 402 1534 402 1475 415 1472 415 1468 415 1403 398 1401 398 1399 398 1259 413 1255 413 1251 413 1126 398 1124 398 1122 398 1120 398 1097 413 1095 415 1046 415 1044 413 1011 396 1009 396 1007 396 882 411 878 411 874 411 765 396 763 396 761 396 714 411 659 411 638 396 636 396 634 396 632 396 556 409 554 409 497 394 495 394 493 394 429 407 384 394 382 394 380 394 378 394 324 407 324 439"/></Shape>
	    <String CONTENT="sont premiereant  que undoncoitelle marie louisi Segoy dit le gouissance de"
                    HPOS="322"
                    VPOS="394"
                    WIDTH="1794"
                    HEIGHT="111"
                    WC="0.9115465112527211"></String>
          </TextLine>
          <TextLine ID="eSc_line_cf00ae66"
                    TAGREFS="LT326"
                    BASELINE="326 507 1124 528 2112 530" 
                    HPOS="326"
                    VPOS="464"
                    WIDTH="1786"
                    HEIGHT="105">
            <Shape><Polygon POINTS="326 507 326 534 544 534 552 538 579 556 581 556 583 556 626 558 794 560 796 560 798 560 860 540 862 540 866 540 1030 562 1032 562 1138 544 1177 564 1179 564 1354 565 1356 565 1358 565 1393 552 1413 565 1415 565 1417 565 1472 567 1474 567 1475 567 1477 567 1501 552 1524 567 1526 567 1528 567 1638 569 1639 569 1641 569 1706 548 1708 548 1819 558 1821 558 1925 550 1926 550 1952 565 1954 565 1956 565 1958 565 1960 565 1995 552 2110 552 2112 530 2106 484 2063 501 2007 482 2003 482 2001 482 1999 482 1981 482 1803 499 1776 482 1772 478 1770 478 1768 478 1700 478 1698 478 1696 478 1694 478 1690 480 1669 495 1618 497 1534 497 1505 480 1501 476 1499 476 1497 476 1450 474 1448 474 1421 478 1343 493 1306 478 1300 476 1298 476 1296 476 1294 476 1290 478 1261 493 1173 493 1124 476 1120 476 1118 476 1116 476 1114 476 1110 476 1064 491 958 491 919 476 917 476 915 476 913 476 802 487 572 485 540 472 517 464 515 464 513 464 326 470 326 507"/></Shape>
	    <String CONTENT="au aaioor que qusaepe dagt a moyent jusqu&#x27;i a qal lefizabliose et di elle ne"
                    HPOS="326"
                    VPOS="464"
                    WIDTH="1786"
                    HEIGHT="105"
                    WC="0.94172555600342"></String>
          </TextLine>
          <TextLine ID="eSc_line_b7edcff9"
                    TAGREFS="LT326"
                    BASELINE="40 583 285 571" 
                    HPOS="37"
                    VPOS="493"
                    WIDTH="248"
                    HEIGHT="129">
            <Shape><Polygon POINTS="40 583 40 605 160 622 162 622 163 622 165 622 201 599 210 595 283 595 285 571 281 513 245 493 244 493 242 493 240 493 238 493 212 503 181 495 179 495 177 495 175 495 173 495 173 497 158 511 122 495 121 495 119 495 117 495 115 495 115 497 87 523 37 524 40 583"/></Shape>
	    <String CONTENT="nes du"
                    HPOS="37"
                    VPOS="493"
                    WIDTH="248"
                    HEIGHT="129"
                    WC="0.8136271933714548"></String>
          </TextLine>
          <TextLine ID="eSc_line_a1472973"
                    TAGREFS="LT326"
                    BASELINE="324 575 987 593 2112 595" 
                    HPOS="324"
                    VPOS="534"
                    WIDTH="1788"
                    HEIGHT="113">
            <Shape><Polygon POINTS="324 575 324 634 447 626 449 626 472 614 531 628 532 628 534 628 572 610 667 610 761 610 782 626 784 626 786 626 788 626 882 612 917 628 919 628 921 628 1034 614 1077 628 1081 630 1083 630 1146 634 1147 634 1149 634 1163 628 1177 622 1235 628 1392 644 1393 644 1638 630 1700 642 1702 642 1704 642 1735 626 1796 646 1798 646 2024 647 2026 647 2028 647 2110 620 2112 595 2112 560 2087 550 2085 550 2083 550 2081 550 2059 558 2048 564 2038 558 2022 548 2020 548 2018 548 2016 548 2014 548 1997 558 1977 567 1944 558 1928 552 1926 552 1925 552 1923 552 1909 556 1874 567 1825 556 1788 546 1786 546 1679 546 1677 546 1675 546 1673 546 1663 552 1649 562 1626 552 1620 550 1618 550 1616 550 1602 552 1548 564 1518 550 1516 550 1515 550 1513 550 1511 550 1509 550 1483 565 1436 565 1399 548 1382 542 1380 542 1378 542 1376 542 1364 548 1341 562 1237 562 1175 546 1161 542 1159 542 1157 542 1155 542 1153 542 1149 546 1122 562 913 562 730 542 728 542 726 542 724 542 702 558 671 538 669 538 667 538 665 538 657 538 534 552 474 536 472 536 324 534 324 575"/></Shape>
	    <String CONTENT="le uveit poir la vie dusante, entemle les moubles, arganterie et linge qui q teront"
                    HPOS="324"
                    VPOS="534"
                    WIDTH="1788"
                    HEIGHT="113"
                    WC="0.9389039924345821"></String>
          </TextLine>
          <TextLine ID="eSc_line_ca2be8c4"
                    TAGREFS="LT326"
                    BASELINE="64 657 355 644 937 649" 
                    HPOS="62"
                    VPOS="597"
                    WIDTH="875"
                    HEIGHT="89">
            <Shape><Polygon POINTS="64 657 64 686 146 669 271 679 273 679 275 679 296 667 316 685 318 685 320 685 322 686 374 686 374 685 376 685 378 685 400 669 439 683 445 685 447 685 449 685 450 685 458 683 519 667 579 667 613 681 622 685 624 685 626 685 648 681 712 667 767 667 782 679 788 685 790 685 792 685 794 686 880 686 880 685 882 685 884 685 884 683 890 679 901 667 931 677 937 649 933 610 841 618 812 610 773 601 771 601 769 601 767 601 765 601 753 612 743 620 693 620 685 612 667 597 665 597 663 597 568 597 566 597 564 597 562 597 534 614 527 620 484 620 415 616 390 616 372 599 372 597 370 597 368 597 193 597 191 597 189 597 187 597 187 599 165 620 62 620 64 657"/></Shape>
	    <String CONTENT="I4 di n au montut de mon decès"
                    HPOS="62"
                    VPOS="597"
                    WIDTH="875"
                    HEIGHT="89"
                    WC="0.9750931243101756"></String>
          </TextLine>
          <TextLine ID="eSc_line_2776deb1"
                    TAGREFS="LT326"
                    BASELINE="80 739 263 739" 
                    HPOS="80"
                    VPOS="665"
                    WIDTH="183"
                    HEIGHT="105">
            <Shape><Polygon POINTS="80 739 80 765 261 770 263 739 263 696 238 696 206 667 206 665 204 665 203 665 138 665 136 665 134 665 132 665 132 667 101 696 80 696 80 739"/></Shape>
	    <String CONTENT="eelan"
                    HPOS="80"
                    VPOS="665"
                    WIDTH="183"
                    HEIGHT="105"
                    WC="0.89214186668396"></String>
          </TextLine>
          <TextLine ID="eSc_line_080daec8"
                    TAGREFS="LT326"
                    BASELINE="388 714 1249 720 2122 690" 
                    HPOS="388"
                    VPOS="638"
                    WIDTH="1734"
                    HEIGHT="119">
            <Shape><Polygon POINTS="388 735 542 735 546 735 614 749 616 749 618 749 644 741 667 757 669 757 671 757 673 757 784 737 808 753 810 753 812 753 814 755 958 755 958 753 1064 751 1065 751 1105 737 1329 747 1331 747 1470 729 1571 743 1573 743 1671 735 1673 735 1675 735 1688 726 1700 720 1727 726 1778 737 1780 737 1782 737 1831 726 1860 716 1960 716 1979 724 2007 735 2008 735 2010 735 2012 735 2036 724 2046 718 2120 722 2122 690 2116 651 2055 655 2044 651 2012 638 2010 638 2008 638 2007 638 1973 651 1958 657 1932 651 1905 646 1903 646 1901 646 1899 646 1889 651 1878 659 1762 659 1749 651 1731 642 1729 642 1727 642 1682 642 1680 642 1610 653 1581 657 1569 653 1546 644 1544 644 1542 644 1540 644 1513 653 1481 665 1345 665 1323 653 1317 651 1315 651 1313 651 1298 653 1241 669 1134 669 1023 655 980 651 978 651 976 651 964 655 941 665 913 657 911 657 909 657 816 673 778 657 775 655 773 655 708 655 706 655 704 655 700 657 659 675 591 657 589 657 587 657 585 657 575 657 468 669 388 659 388 714 388 735"/></Shape>
	    <String CONTENT="2 De plat ge lui donne la nomée horteme et le nommé augustt tout dena"
                    HPOS="388"
                    VPOS="638"
                    WIDTH="1734"
                    HEIGHT="119"
                    WC="0.9230076791583628"></String>
          </TextLine>
          <TextLine ID="eSc_line_0bb5d7f1"
                    TAGREFS="LT326"
                    BASELINE="324 776 763 776 1024 790 1729 788 2112 774" 
                    HPOS="324"
                    VPOS="724"
                    WIDTH="1788"
                    HEIGHT="103">
            <Shape><Polygon POINTS="324 804 568 800 577 804 638 825 640 825 642 827 737 827 737 825 739 825 741 825 775 802 780 800 843 800 847 802 894 821 896 821 898 821 1005 811 1021 821 1023 821 1024 821 1026 821 1028 821 1065 809 1310 823 1311 823 1313 823 1343 809 1388 817 1390 817 1649 800 1696 815 1698 815 1700 815 1774 800 1792 811 1794 811 1796 811 1798 811 1835 806 1858 821 1860 821 1862 821 1864 823 1989 823 1989 821 1991 821 1993 821 2038 794 2110 792 2112 774 2110 743 2036 724 2034 724 2032 724 2030 724 1989 743 1987 745 1753 745 1751 743 1721 724 1720 724 1718 724 1597 724 1595 724 1593 724 1556 737 1489 724 1487 724 1399 735 1358 727 1356 727 1354 727 1292 745 1288 745 1282 745 1140 727 1138 727 1136 727 1089 739 1075 729 1073 729 1071 729 1069 729 1067 729 1040 745 939 747 837 747 833 747 775 727 773 727 771 727 683 747 679 747 650 727 648 727 646 727 554 727 552 727 550 727 472 747 421 729 419 729 417 729 415 729 372 747 372 749 324 749 324 776 324 804"/></Shape>
	    <String CONTENT="acsles de lisle de le renion ; et Etous cet aljath comme uu Joible teasaignay de"
                    HPOS="324"
                    VPOS="724"
                    WIDTH="1788"
                    HEIGHT="103"
                    WC="0.9380300674587488"></String>
          </TextLine>
          <TextLine ID="eSc_line_07811367"
                    TAGREFS="LT326"
                    BASELINE="46 831 226 831" 
                    HPOS="46"
                    VPOS="765"
                    WIDTH="180"
                    HEIGHT="83">
            <Shape><Polygon POINTS="46 831 46 847 224 848 226 831 226 774 212 765 210 765 208 765 177 765 175 765 173 765 171 765 171 767 160 776 154 784 111 784 95 774 78 767 76 767 74 767 72 767 46 772 46 831"/></Shape>
	    <String CONTENT="Nad"
                    HPOS="46"
                    VPOS="765"
                    WIDTH="180"
                    HEIGHT="83"
                    WC="0.9991104205449423"></String>
          </TextLine>
          <TextLine ID="eSc_line_966b73d5"
                    TAGREFS="LT326"
                    BASELINE="318 831 1544 862 2118 866" 
                    HPOS="318"
                    VPOS="790"
                    WIDTH="1800"
                    HEIGHT="119">
            <Shape><Polygon POINTS="318 831 320 870 365 856 527 856 587 876 589 876 591 876 593 876 636 860 720 876 722 876 788 862 886 884 894 884 896 884 898 884 900 884 933 866 968 866 1105 868 1144 889 1146 889 1147 889 1595 899 1597 899 1598 899 1600 899 1647 882 1762 882 1844 903 1850 905 1852 905 1854 905 1872 905 2026 893 2114 909 2118 866 2118 815 2083 813 2081 813 2079 813 2077 813 2049 829 2014 815 2012 815 2010 815 1887 833 1848 811 1839 807 1837 807 1764 806 1649 804 1647 804 1645 804 1620 809 1598 815 1585 809 1567 802 1565 802 1413 798 1411 798 1304 807 1272 809 1233 807 1142 800 1140 800 1138 800 1116 806 1103 809 1089 806 1058 796 1056 796 1054 796 997 806 954 811 898 804 874 802 497 802 368 802 367 800 351 790 349 790 347 790 345 790 343 790 318 798 318 831"/></Shape>
	    <String CONTENT="dar sentumentt posur elle et de tedonmegeeyant de la canse uoolontaire de mon ducl"
                    HPOS="318"
                    VPOS="790"
                    WIDTH="1800"
                    HEIGHT="119"
                    WC="0.9583648141564393"></String>
          </TextLine>
          <TextLine ID="eSc_line_a75898b5"
                    TAGREFS="LT326"
                    BASELINE="72 909 290 895 624 897 1622 936 2114 932" 
                    HPOS="70"
                    VPOS="843"
                    WIDTH="2044"
                    HEIGHT="138">
            <Shape><Polygon POINTS="72 909 70 936 220 940 222 940 224 940 226 940 273 917 341 915 466 927 468 927 671 923 702 942 704 942 706 942 708 942 847 927 915 946 917 946 919 946 921 946 956 936 987 950 1011 962 1013 962 1015 962 1017 962 1052 952 1087 942 1130 950 1132 950 1226 936 1280 954 1325 969 1327 969 1329 969 1481 962 1563 975 1565 975 1700 968 1833 981 1835 981 1837 981 1870 964 1874 962 2110 966 2114 932 2112 905 2057 888 2055 888 1954 884 1952 884 1714 895 1639 899 1620 893 1561 876 1559 876 1557 876 1374 889 1352 889 1146 886 1144 884 1124 872 1122 872 1120 872 1118 872 1116 872 1073 882 1065 884 960 884 954 880 917 860 915 860 913 860 911 860 845 878 841 878 831 878 745 868 743 868 659 874 646 874 642 874 573 850 572 850 298 843 224 843 222 843 220 843 183 862 72 862 72 909"/></Shape>
	    <String CONTENT="aoat deur provegél aut dugnt par le citoyen declair que p l cours, et à qui j uavair"
                    HPOS="70"
                    VPOS="843"
                    WIDTH="2044"
                    HEIGHT="138"
                    WC="0.9429796231644494"></String>
          </TextLine>
          <TextLine ID="eSc_line_870fe049"
                    TAGREFS="LT326"
                    BASELINE="76 991 247 987" 
                    HPOS="74"
                    VPOS="930"
                    WIDTH="173"
                    HEIGHT="110">
            <Shape><Polygon POINTS="76 991 76 1040 101 1040 101 1038 103 1038 105 1038 105 1036 128 1012 185 1012 244 1034 247 987 240 930 152 958 111 958 99 946 91 940 91 938 89 938 87 938 85 938 83 938 81 938 74 942 76 991"/></Shape>
	    <String CONTENT="Cut"
                    HPOS="74"
                    VPOS="930"
                    WIDTH="173"
                    HEIGHT="110"
                    WC="0.8230705658594767"></String>
          </TextLine>
          <TextLine ID="eSc_line_12e3242b"
                    TAGREFS="LT326"
                    BASELINE="351 962 1573 989" 
                    HPOS="349"
                    VPOS="911"
                    WIDTH="1224"
                    HEIGHT="115">
            <Shape><Polygon POINTS="351 962 349 999 525 985 593 997 595 997 755 991 798 1009 810 1012 812 1012 814 1012 843 1009 935 995 982 1010 999 1016 1001 1016 1003 1016 1005 1016 1017 1010 1023 1009 1067 1012 1161 1020 1163 1020 1165 1020 1167 1020 1175 1014 1196 1001 1222 1001 1280 1014 1294 1018 1296 1018 1298 1018 1317 1016 1378 1005 1399 1016 1417 1026 1419 1026 1421 1026 1571 1018 1573 989 1573 960 1485 946 1483 946 1347 952 1313 954 1304 952 1226 928 1224 928 1222 928 1220 928 1175 946 1095 928 1093 928 1091 928 1060 938 1052 928 1050 928 1050 927 1048 927 1046 927 1044 927 1042 927 1040 927 1019 944 1017 944 1013 944 933 934 931 934 894 940 876 944 866 940 829 923 827 923 825 923 823 923 794 938 788 942 782 938 759 919 757 919 755 919 753 919 751 919 710 928 693 917 691 917 689 917 581 915 579 915 577 915 575 915 558 930 534 932 486 934 480 930 464 917 462 917 460 917 380 911 378 911 376 911 351 923 351 962"/></Shape>
	    <String CONTENT="gamair parli a dont le provocation qu&#x27;il ett deur me fairt"
                    HPOS="349"
                    VPOS="911"
                    WIDTH="1224"
                    HEIGHT="115"
                    WC="0.9524166070181748"></String>
          </TextLine>
          <TextLine ID="eSc_line_906b1017"
                    TAGREFS="LT326"
                    BASELINE="372 1034 831 1034 1259 1048 2118 1036" 
                    HPOS="372"
                    VPOS="983"
                    WIDTH="1746"
                    HEIGHT="109">
            <Shape><Polygon POINTS="372 1063 419 1063 423 1063 437 1075 439 1075 441 1075 443 1075 445 1075 474 1063 478 1063 755 1063 757 1063 818 1090 819 1090 821 1092 894 1092 894 1090 1065 1075 1183 1085 1185 1085 1187 1085 1237 1063 1243 1061 1251 1063 1335 1089 1337 1089 1339 1089 1636 1087 1638 1087 1671 1071 1770 1063 1796 1061 1823 1063 1841 1063 1882 1087 1884 1087 1885 1087 1887 1087 1889 1087 1917 1067 1958 1063 2003 1057 2114 1061 2118 1036 2116 993 2089 983 2087 983 2085 983 2032 993 1981 1001 1962 991 1946 985 1944 985 1942 985 1940 985 1915 991 1856 1007 1827 991 1819 987 1817 987 1815 987 1813 987 1811 987 1805 991 1782 1009 1710 1009 1679 991 1663 983 1661 983 1624 983 1622 983 1620 983 1606 991 1579 1007 1423 1007 1380 991 1378 991 1376 991 1374 991 1319 1010 1077 1010 980 991 978 991 976 991 974 991 946 1010 829 1010 778 987 777 987 775 987 593 987 591 987 589 987 558 997 542 987 540 987 538 987 372 987 372 1034 372 1063"/></Shape>
	    <String CONTENT="d. p loune le lebenté au nonmée Ree at à la fousene Franaise pour les bous tecviar quis nent rande"
                    HPOS="372"
                    VPOS="983"
                    WIDTH="1746"
                    HEIGHT="109"
                    WC="0.8798111701498226"></String>
          </TextLine>
          <TextLine ID="eSc_line_76cf8b1a"
                    TAGREFS="LT326"
                    BASELINE="76 1100 183 1098" 
                    HPOS="74"
                    VPOS="1030"
                    WIDTH="109"
                    HEIGHT="96">
            <Shape><Polygon POINTS="76 1100 76 1126 128 1116 181 1122 183 1098 179 1032 74 1030 76 1100"/></Shape>
	    <String CONTENT="32"
                    HPOS="74"
                    VPOS="1030"
                    WIDTH="109"
                    HEIGHT="96"
                    WC="0.9994814097881317"></String>
          </TextLine>
          <TextLine ID="eSc_line_437fab2c"
                    TAGREFS="LT326"
                    BASELINE="361 1100 2116 1122" 
                    HPOS="359"
                    VPOS="1051"
                    WIDTH="1757"
                    HEIGHT="106">
            <Shape><Polygon POINTS="361 1100 359 1126 449 1137 450 1137 452 1137 454 1137 468 1128 482 1120 771 1120 814 1135 827 1139 829 1139 831 1139 833 1139 843 1135 870 1122 968 1122 1101 1139 1157 1147 1159 1149 1259 1149 1259 1147 1261 1147 1269 1143 1294 1130 1409 1139 1411 1139 1413 1139 1446 1130 1505 1147 1513 1149 1515 1149 1516 1149 1518 1149 1524 1147 1575 1130 1673 1139 1675 1139 1776 1131 1815 1153 1821 1155 1823 1155 2112 1157 2116 1122 2114 1087 2049 1087 2040 1085 2007 1073 2005 1073 2003 1073 2001 1073 1999 1073 1985 1083 1975 1089 1911 1089 1901 1081 1884 1069 1882 1069 1880 1069 1878 1069 1876 1069 1833 1081 1803 1087 1680 1077 1645 1075 1643 1075 1595 1075 1354 1081 1333 1069 1319 1061 1317 1061 1315 1061 1313 1061 1138 1065 841 1075 712 1057 677 1053 611 1053 609 1053 607 1053 605 1053 603 1055 587 1065 534 1053 519 1051 361 1051 361 1100"/></Shape>
	    <String CONTENT="4 Jl aar fait à aisa une peusion lur mes tiens de ainy piastres enlaur naleur"
                    HPOS="359"
                    VPOS="1051"
                    WIDTH="1757"
                    HEIGHT="106"
                    WC="0.9336980155536106"></String>
          </TextLine>
          <TextLine ID="eSc_line_13920932"
                    TAGREFS="LT326"
                    BASELINE="54 1176 570 1161 1833 1182" 
                    HPOS="52"
                    VPOS="1116"
                    WIDTH="1781"
                    HEIGHT="99">
            <Shape><Polygon POINTS="54 1176 52 1202 425 1206 427 1206 429 1206 431 1206 437 1202 450 1194 480 1202 503 1208 505 1208 507 1208 509 1208 511 1208 519 1202 538 1190 597 1190 628 1202 646 1208 648 1208 650 1208 652 1208 665 1202 696 1188 835 1188 860 1202 870 1206 872 1206 874 1206 876 1206 892 1202 921 1192 946 1200 976 1211 978 1211 980 1213 1042 1213 1042 1211 1044 1211 1046 1211 1064 1200 1077 1192 1142 1200 1173 1204 1175 1204 1192 1200 1229 1192 1253 1200 1263 1204 1265 1204 1267 1204 1286 1200 1317 1194 1636 1198 1638 1200 1694 1215 1696 1215 1698 1215 1700 1215 1739 1200 1831 1200 1833 1182 1833 1151 1639 1149 1638 1147 1559 1128 1557 1128 1556 1128 1507 1137 1448 1126 1272 1126 1270 1126 1269 1126 1267 1126 1247 1137 1229 1130 1228 1130 1226 1130 1153 1141 1151 1141 1003 1126 1001 1126 999 1126 962 1139 937 1139 901 1139 812 1120 810 1120 706 1137 698 1137 693 1137 657 1126 655 1126 654 1126 572 1135 564 1135 560 1135 497 1116 495 1116 493 1116 189 1131 154 1131 146 1130 95 1116 93 1116 91 1116 89 1116 54 1126 54 1176"/></Shape>
	    <String CONTENT="dibe paqalle par cent, et la ise durante, que quipstorque dui le total de mes biens."
                    HPOS="52"
                    VPOS="1116"
                    WIDTH="1781"
                    HEIGHT="99"
                    WC="0.9151993305200622"></String>
          </TextLine>
          <TextLine ID="eSc_line_987589a7"
                    TAGREFS="LT326"
                    BASELINE="351 1237 862 1227 2116 1247" 
                    HPOS="351"
                    VPOS="1178"
                    WIDTH="1765"
                    HEIGHT="94">
            <Shape><Polygon POINTS="351 1237 351 1254 408 1245 462 1256 472 1256 474 1256 525 1256 825 1247 868 1256 872 1256 874 1256 882 1256 958 1249 972 1256 976 1260 978 1260 980 1260 982 1260 999 1256 1028 1251 1064 1256 1097 1262 1099 1262 1124 1256 1153 1251 1171 1256 1183 1262 1185 1262 1382 1266 1384 1266 1608 1258 1675 1256 1684 1258 1716 1268 1718 1268 1932 1272 1934 1272 2114 1258 2116 1247 2116 1211 2071 1194 2069 1194 2067 1194 2065 1194 2018 1210 2012 1211 1880 1211 1876 1210 1850 1192 1848 1192 1846 1192 1844 1192 1598 1206 1565 1208 1557 1206 1501 1188 1499 1188 1382 1186 1298 1186 1296 1186 1294 1186 1263 1204 1259 1204 1124 1204 1122 1202 1105 1190 1103 1190 1101 1190 1099 1190 1097 1190 1058 1202 1056 1202 1052 1202 950 1182 948 1182 874 1192 831 1180 829 1180 827 1180 654 1198 650 1198 616 1178 614 1178 613 1178 611 1178 509 1196 452 1178 450 1178 449 1178 447 1178 445 1178 427 1190 380 1184 378 1184 376 1184 351 1192 351 1237"/></Shape>
	    <String CONTENT="5 dans le cut que Mr Bousquet frares d pela delpié auroient enfier telde en dbeut"
                    HPOS="351"
                    VPOS="1178"
                    WIDTH="1765"
                    HEIGHT="94"
                    WC="0.9538477938852192"></String>
          </TextLine>
          <TextLine ID="eSc_line_107d07e9"
                    TAGREFS="LT326"
                    BASELINE="326 1288 995 1288 2124 1307" 
                    HPOS="324"
                    VPOS="1245"
                    WIDTH="1800"
                    HEIGHT="93">
            <Shape><Polygon POINTS="326 1288 324 1315 443 1301 468 1319 470 1319 472 1319 474 1319 490 1319 624 1305 669 1319 671 1319 673 1319 903 1325 905 1325 1007 1319 1118 1313 1155 1319 1196 1327 1198 1327 1200 1327 1218 1319 1233 1313 1253 1319 1263 1323 1265 1323 1267 1323 1298 1319 1360 1313 1573 1321 2057 1338 2059 1338 2061 1338 2122 1321 2124 1307 2124 1274 1993 1274 1989 1270 1967 1254 1966 1254 1964 1254 1962 1254 1733 1260 1593 1251 1591 1251 1589 1251 1565 1262 1546 1251 1544 1251 1542 1251 1458 1249 1456 1249 1390 1260 1370 1264 1362 1260 1345 1252 1343 1252 1341 1252 1298 1260 1290 1260 1280 1258 1208 1245 1206 1245 1099 1256 1058 1260 1024 1254 974 1247 972 1247 898 1252 855 1256 833 1252 800 1245 798 1245 700 1251 609 1254 326 1245 326 1288"/></Shape>
	    <String CONTENT="ou mne de deux mille patries pour lesquellles il navoit donne de tettres elles lui sernl"
                    HPOS="324"
                    VPOS="1245"
                    WIDTH="1800"
                    HEIGHT="93"
                    WC="0.9594291164116426"></String>
          </TextLine>
          <TextLine ID="eSc_line_a78638bf"
                    TAGREFS="LT326"
                    BASELINE="335 1350 1241 1350 1878 1372" 
                    HPOS="335"
                    VPOS="1293"
                    WIDTH="1543"
                    HEIGHT="112">
            <Shape><Polygon POINTS="335 1350 335 1372 474 1366 538 1377 609 1389 611 1389 613 1389 646 1379 677 1370 726 1381 741 1383 743 1383 745 1383 753 1381 784 1370 892 1381 894 1381 960 1372 983 1385 997 1395 999 1395 1001 1395 1003 1397 1099 1397 1099 1395 1101 1395 1118 1389 1144 1379 1192 1389 1218 1395 1220 1395 1222 1395 1224 1395 1229 1391 1251 1375 1310 1375 1343 1393 1354 1399 1356 1399 1358 1399 1390 1393 1411 1391 1569 1397 1659 1401 1661 1401 1671 1399 1733 1385 1761 1401 1762 1403 1764 1403 1766 1403 1768 1405 1876 1405 1878 1372 1878 1321 1844 1309 1843 1309 1841 1309 1839 1309 1837 1309 1823 1319 1813 1329 1770 1329 1755 1319 1735 1309 1733 1309 1628 1307 1626 1307 1624 1307 1589 1317 1571 1323 1554 1317 1528 1309 1526 1309 1524 1309 1522 1309 1520 1309 1509 1317 1497 1325 1362 1325 1351 1315 1335 1303 1333 1303 1331 1303 1329 1303 1198 1313 1128 1301 1052 1301 1050 1301 1048 1301 1046 1301 1030 1313 1023 1319 983 1313 931 1303 929 1303 859 1311 837 1313 821 1311 777 1301 775 1301 737 1309 714 1315 480 1315 466 1307 437 1293 435 1293 433 1293 335 1305 335 1350"/></Shape>
	    <String CONTENT="ars douriies sur un effet de trois mille papres, de ete qpatinte ete Malteqnits le far"
                    HPOS="335"
                    VPOS="1293"
                    WIDTH="1543"
                    HEIGHT="112"
                    WC="0.8751606343444004"></String>
          </TextLine>
          <TextLine ID="eSc_line_990a01b3"
                    TAGREFS="LT326"
                    BASELINE="42 1401 247 1405" 
                    HPOS="40"
                    VPOS="1317"
                    WIDTH="207"
                    HEIGHT="117">
            <Shape><Polygon POINTS="42 1401 40 1416 144 1434 146 1434 148 1434 179 1422 187 1420 244 1424 247 1405 245 1319 148 1331 42 1317 42 1401"/></Shape>
	    <String CONTENT="rangonte"
                    HPOS="40"
                    VPOS="1317"
                    WIDTH="207"
                    HEIGHT="117"
                    WC="0.8714758530259132"></String>
          </TextLine>
          <TextLine ID="eSc_line_5dc4f2c7"
                    TAGREFS="LT326"
                    BASELINE="359 1413 903 1411 2118 1448" 
                    HPOS="357"
                    VPOS="1352"
                    WIDTH="1761"
                    HEIGHT="121">
            <Shape><Polygon POINTS="359 1413 357 1432 515 1436 517 1436 519 1436 521 1436 542 1426 558 1436 560 1438 562 1438 564 1438 689 1440 691 1440 702 1438 778 1424 819 1440 829 1444 831 1444 833 1444 835 1444 845 1440 876 1430 913 1442 935 1448 937 1448 939 1448 964 1442 1015 1430 1067 1444 1095 1452 1097 1452 1099 1452 1101 1452 1118 1446 1142 1436 1249 1436 1347 1448 1349 1448 1351 1448 1356 1448 1536 1444 1552 1452 1575 1463 1577 1463 1579 1463 1667 1453 1688 1452 1723 1453 1911 1471 1913 1471 2007 1461 2038 1473 2040 1473 2042 1473 2116 1459 2118 1448 2116 1413 1870 1397 1868 1397 1831 1401 1805 1405 1796 1401 1772 1389 1770 1389 1768 1389 1729 1397 1667 1385 1665 1385 1663 1385 1639 1395 1638 1395 1567 1381 1392 1377 1390 1377 1325 1385 1263 1391 1083 1375 1065 1375 1064 1375 1052 1375 868 1381 804 1366 780 1362 778 1362 777 1362 765 1366 720 1377 628 1366 626 1366 585 1373 517 1356 513 1356 511 1356 359 1352 359 1413"/></Shape>
	    <String CONTENT="6. la papier unang qui est dans men edisses au en billete de place, pa deua"
                    HPOS="357"
                    VPOS="1352"
                    WIDTH="1761"
                    HEIGHT="121"
                    WC="0.941741836865743"></String>
          </TextLine>
          <TextLine ID="eSc_line_1dbd8196"
                    TAGREFS="LT326"
                    BASELINE="1907 1395 2092 1399" 
                    HPOS="1905"
                    VPOS="1315"
                    WIDTH="187"
                    HEIGHT="111">
            <Shape><Polygon POINTS="1907 1395 1905 1426 2090 1426 2092 1399 2089 1315 2034 1331 1995 1323 1962 1317 1960 1317 1958 1317 1956 1317 1942 1329 1936 1332 1907 1332 1907 1395"/></Shape>
	    <String CONTENT="AIES"
                    HPOS="1905"
                    VPOS="1315"
                    WIDTH="187"
                    HEIGHT="111"
                    WC="0.9989112466573715"></String>
          </TextLine>
          <TextLine ID="eSc_line_212720b7"
                    TAGREFS="LT326"
                    BASELINE="35 1461 234 1463" 
                    HPOS="35"
                    VPOS="1407"
                    WIDTH="199"
                    HEIGHT="99">
            <Shape><Polygon POINTS="35 1461 35 1502 78 1489 87 1498 93 1502 93 1504 95 1504 97 1504 160 1506 162 1506 163 1506 232 1487 234 1463 232 1414 185 1407 183 1407 181 1407 144 1418 130 1422 119 1418 93 1411 91 1411 89 1411 35 1422 35 1461"/></Shape>
	    <String CONTENT="Aon àe"
                    HPOS="35"
                    VPOS="1407"
                    WIDTH="199"
                    HEIGHT="99"
                    WC="0.9353302617867788"></String>
          </TextLine>
          <TextLine ID="eSc_line_fbd4df37"
                    TAGREFS="LT326"
                    BASELINE="326 1481 1034 1473 1819 1498 2110 1494" 
                    HPOS="324"
                    VPOS="1424"
                    WIDTH="1786"
                    HEIGHT="106">
            <Shape><Polygon POINTS="326 1481 324 1512 613 1516 614 1516 616 1516 624 1514 693 1491 862 1491 905 1508 907 1508 909 1508 911 1508 939 1494 1034 1494 1105 1514 1110 1516 1112 1516 1114 1516 1128 1514 1196 1504 1220 1514 1224 1516 1226 1516 1228 1516 1229 1516 1233 1514 1265 1498 1294 1514 1304 1520 1306 1520 1308 1520 1310 1520 1327 1514 1384 1498 1411 1510 1413 1510 1415 1510 1569 1500 1589 1514 1591 1514 1593 1514 1598 1516 1755 1530 1757 1530 1759 1530 1800 1516 1802 1516 1864 1516 1866 1516 1889 1528 1891 1528 1893 1528 2012 1518 2071 1530 2073 1530 2075 1530 2108 1516 2110 1494 2108 1459 1952 1446 1950 1446 1948 1446 1921 1455 1909 1455 1497 1444 1495 1444 1446 1450 1434 1452 1431 1450 1401 1434 1399 1434 1397 1434 962 1444 886 1446 878 1444 831 1428 829 1428 827 1428 753 1442 741 1444 734 1442 693 1426 691 1426 689 1426 626 1440 626 1442 523 1442 521 1440 490 1424 488 1424 486 1424 326 1436 326 1481"/></Shape>
	    <String CONTENT="employé qua faires valoe pour acquilter ca que gediis, tant lu rnou haditation"
                    HPOS="324"
                    VPOS="1424"
                    WIDTH="1786"
                    HEIGHT="106"
                    WC="0.9610863488454086"></String>
          </TextLine>
          <TextLine ID="eSc_line_94b66859"
                    TAGREFS="LT326"
                    BASELINE="42 1535 480 1543 983 1535 1759 1561 2100 1557" 
                    HPOS="42"
                    VPOS="1479"
                    WIDTH="2058"
                    HEIGHT="131">
            <Shape><Polygon POINTS="2098 1526 2051 1512 2049 1512 1944 1508 1942 1508 1940 1508 1913 1520 1841 1506 1839 1506 1837 1506 1809 1518 1800 1524 1673 1524 1651 1514 1636 1510 1634 1510 1632 1510 1575 1514 1464 1520 1397 1508 1333 1498 1331 1498 1329 1498 1308 1506 1185 1496 1183 1496 1144 1502 1114 1508 1032 1500 942 1493 941 1493 892 1498 829 1504 788 1494 767 1491 765 1491 634 1491 632 1493 570 1506 234 1502 201 1485 199 1485 197 1485 134 1498 44 1479 42 1535 44 1565 101 1549 169 1569 220 1582 222 1582 224 1582 226 1582 251 1571 294 1549 341 1573 347 1574 349 1574 351 1574 363 1573 427 1557 503 1571 505 1571 507 1571 570 1553 595 1565 597 1565 599 1565 669 1553 718 1571 720 1571 722 1571 724 1571 763 1553 1026 1565 1028 1565 1315 1561 1352 1578 1354 1578 1356 1578 1358 1578 1386 1567 1415 1580 1417 1580 1419 1580 1421 1580 1442 1571 1479 1590 1481 1590 1483 1590 1548 1580 1581 1600 1583 1600 1585 1600 2096 1610 2100 1557 2098 1526"/></Shape>
	    <String CONTENT="se rottu que doure mille livre en france a Me Lausray bangnier, ce qui se fera Jersque"
                    HPOS="42"
                    VPOS="1479"
                    WIDTH="2058"
                    HEIGHT="131"
                    WC="0.9518596597535666"></String>
          </TextLine>
          <TextLine ID="eSc_line_5d5065ff"
                    TAGREFS="LT326"
                    BASELINE="17 1615 722 1594 1380 1598" 
                    HPOS="15"
                    VPOS="1545"
                    WIDTH="1365"
                    HEIGHT="92">
            <Shape><Polygon POINTS="17 1615 17 1633 150 1637 152 1637 154 1637 156 1637 156 1635 160 1633 177 1615 210 1631 218 1635 220 1635 222 1637 304 1637 304 1635 372 1631 376 1629 378 1629 380 1629 398 1615 415 1629 417 1629 419 1629 421 1629 423 1629 468 1614 531 1629 544 1631 546 1631 548 1631 558 1629 609 1614 956 1615 958 1615 1181 1602 1228 1617 1229 1617 1231 1617 1298 1608 1376 1619 1380 1598 1376 1559 1122 1561 1103 1559 1056 1551 1054 1551 901 1559 775 1565 763 1559 737 1545 736 1545 734 1545 732 1545 730 1545 730 1547 720 1555 450 1549 449 1549 382 1559 367 1561 339 1559 253 1553 251 1553 249 1553 247 1553 247 1555 242 1559 230 1571 210 1559 199 1553 197 1553 195 1553 193 1553 179 1559 163 1569 148 1559 138 1555 136 1555 134 1555 15 1559 17 1615"/></Shape>
	    <String CONTENT="Srapds lesdt les taites sur Frante cousirint.1"
                    HPOS="15"
                    VPOS="1545"
                    WIDTH="1365"
                    HEIGHT="92"
                    WC="0.9837462241234987"></String>
          </TextLine>
          <TextLine ID="eSc_line_d2418fb5"
                    TAGREFS="LT326"
                    BASELINE="66 1686 1118 1656 2122 1662" 
                    HPOS="64"
                    VPOS="1600"
                    WIDTH="2058"
                    HEIGHT="131">
            <Shape><Polygon POINTS="66 1686 66 1731 156 1729 158 1729 201 1705 234 1713 236 1713 238 1713 240 1713 279 1697 394 1705 396 1705 398 1705 400 1705 419 1692 466 1699 468 1699 568 1686 706 1713 708 1713 710 1713 769 1692 905 1701 907 1701 909 1701 948 1682 1042 1694 1044 1694 1046 1694 1048 1694 1062 1682 1226 1678 1374 1678 1464 1713 1466 1713 1468 1713 1743 1709 1745 1709 1813 1682 1880 1709 1882 1709 1884 1709 1885 1709 1887 1709 1928 1697 2118 1705 2122 1662 2116 1600 2059 1621 1993 1621 1887 1608 1885 1608 1807 1623 1766 1608 1764 1608 1762 1608 1761 1608 1714 1625 1673 1610 1671 1610 1669 1610 1667 1610 1618 1625 1561 1612 1548 1610 1546 1610 1518 1614 1483 1617 1452 1614 1390 1608 1388 1608 1317 1617 1310 1617 1306 1617 1243 1610 1241 1610 1239 1610 1208 1619 1196 1623 1173 1621 1101 1612 1099 1612 1046 1623 1003 1635 638 1637 622 1633 566 1617 564 1617 562 1617 300 1621 298 1621 253 1641 253 1643 64 1645 66 1686"/></Shape>
	    <String CONTENT="leoietin j pour ce que ge doit et ce que l&#x27;on me doit lon attendat leauurde de remb ourott"
                    HPOS="64"
                    VPOS="1600"
                    WIDTH="2058"
                    HEIGHT="131"
                    WC="0.8956368423170513"></String>
          </TextLine>
          <TextLine ID="eSc_line_9d987c26"
                    TAGREFS="LT326"
                    BASELINE="33 1764 732 1731 1337 1713" 
                    HPOS="29"
                    VPOS="1658"
                    WIDTH="1308"
                    HEIGHT="139">
            <Shape><Polygon POINTS="33 1764 33 1797 208 1795 210 1795 212 1795 212 1793 214 1793 238 1770 327 1766 359 1774 361 1774 363 1774 698 1752 753 1766 755 1766 757 1766 808 1762 810 1762 812 1762 825 1750 843 1764 845 1764 847 1764 857 1766 917 1768 919 1768 921 1768 942 1762 1021 1736 1077 1736 1138 1754 1155 1758 1157 1758 1159 1758 1161 1758 1183 1752 1233 1736 1272 1748 1288 1752 1290 1752 1292 1752 1337 1744 1337 1713 1327 1658 1259 1684 1114 1686 1099 1674 1097 1674 1095 1674 1093 1674 1091 1674 1058 1692 964 1694 870 1674 859 1672 857 1672 855 1672 847 1674 808 1688 778 1676 771 1674 769 1674 767 1674 765 1674 757 1678 716 1697 624 1686 622 1686 620 1686 570 1703 527 1686 523 1684 521 1684 519 1684 472 1686 470 1686 464 1688 386 1713 353 1694 351 1694 349 1694 347 1694 345 1694 343 1694 343 1695 318 1721 275 1721 160 1699 158 1699 29 1701 33 1764"/></Shape>
	    <String CONTENT="de colaler les bemenes gaut a&#x27;peu près compeusies"
                    HPOS="29"
                    VPOS="1658"
                    WIDTH="1308"
                    HEIGHT="139"
                    WC="0.9388919168589066"></String>
          </TextLine>
          <TextLine ID="eSc_line_b0046472"
                    TAGREFS="LT326"
                    BASELINE="21 1838 310 1836 941 1801 2122 1811" 
                    HPOS="19"
                    VPOS="1736"
                    WIDTH="2103"
                    HEIGHT="118">
            <Shape><Polygon POINTS="21 1838 21 1854 398 1854 417 1850 482 1836 540 1848 562 1852 564 1852 589 1848 675 1830 851 1844 974 1852 976 1852 978 1852 1019 1840 1064 1828 1243 1828 1272 1836 1298 1844 1300 1844 1302 1844 1304 1844 1321 1836 1341 1826 1618 1826 1628 1830 1659 1846 1661 1846 1663 1848 1753 1848 1753 1846 1755 1846 1805 1828 1817 1824 1827 1826 1876 1842 1878 1842 1880 1842 2008 1824 2028 1822 2036 1824 2089 1838 2090 1838 2092 1838 2094 1838 2122 1822 2122 1811 2118 1746 1946 1772 1913 1764 1911 1764 1909 1764 1907 1764 1874 1777 1780 1766 1778 1766 1714 1779 1647 1754 1604 1736 1602 1736 1325 1736 1323 1736 1192 1738 1190 1738 1188 1738 1173 1748 1062 1738 1060 1738 1058 1738 1001 1764 976 1776 939 1766 905 1756 903 1756 901 1756 853 1766 827 1772 818 1768 773 1746 771 1746 769 1746 767 1746 689 1770 644 1781 19 1781 21 1838"/></Shape>
	    <String CONTENT="e Lan si recon est jauttaare Leblaite à ladjnndre Mt^e setinn pour cet dje dee"
                    HPOS="19"
                    VPOS="1736"
                    WIDTH="2103"
                    HEIGHT="118"
                    WC="0.9094221259538944"></String>
          </TextLine>
          <TextLine ID="eSc_line_b23164b4"
                    TAGREFS="LT326"
                    BASELINE="345 1891 901 1869 1954 1867" 
                    HPOS="343"
                    VPOS="1815"
                    WIDTH="1611"
                    HEIGHT="109">
            <Shape><Polygon POINTS="345 1891 345 1924 585 1914 654 1920 689 1922 691 1922 714 1918 831 1898 976 1902 978 1902 1161 1885 1386 1897 1388 1897 1464 1885 1511 1895 1513 1895 1515 1895 1516 1895 1530 1883 1567 1900 1569 1900 1571 1900 1573 1900 1608 1889 1647 1902 1649 1902 1651 1902 1653 1902 1655 1902 1657 1902 1718 1885 1802 1897 1803 1897 1903 1885 1950 1897 1954 1867 1948 1826 1669 1836 1657 1830 1632 1815 1630 1815 1628 1815 1626 1815 1356 1817 1167 1836 1138 1822 1136 1822 1007 1820 1005 1820 1003 1820 942 1838 917 1826 915 1826 802 1822 800 1822 798 1822 739 1844 734 1848 624 1848 622 1846 583 1832 581 1832 579 1832 577 1832 538 1848 536 1850 343 1850 345 1891"/></Shape>
	    <String CONTENT="ce quer let au cotme dessus ce vingt et un prnnne d bigné Rectaint."
                    HPOS="343"
                    VPOS="1815"
                    WIDTH="1611"
                    HEIGHT="109"
                    WC="0.9256332934792362"></String>
          </TextLine>
          <TextLine ID="eSc_line_205db715"
                    TAGREFS="LT326"
                    BASELINE="68 1926 187 1932" 
                    HPOS="66"
                    VPOS="1863"
                    WIDTH="123"
                    HEIGHT="98">
            <Shape><Polygon POINTS="68 1926 66 1961 185 1961 187 1932 189 1883 144 1863 142 1863 140 1863 138 1863 136 1863 136 1865 117 1883 113 1885 68 1883 68 1926"/></Shape>
	    <String CONTENT="dt al"
                    HPOS="66"
                    VPOS="1863"
                    WIDTH="123"
                    HEIGHT="98"
                    WC="0.5468291103839874"></String>
          </TextLine>
          <TextLine ID="eSc_line_5e1bca1b"
                    TAGREFS="LT326"
                    BASELINE="402 1965 1192 1936 2118 1943" 
                    HPOS="400"
                    VPOS="1875"
                    WIDTH="1718"
                    HEIGHT="117">
            <Shape><Polygon POINTS="402 1965 402 1992 583 1978 728 1988 730 1988 732 1988 761 1973 864 1984 866 1984 868 1984 954 1963 1030 1973 1032 1973 1128 1963 1142 1973 1144 1973 1146 1973 1147 1973 1149 1973 1151 1973 1171 1959 1481 1959 1522 1969 1524 1969 1526 1969 1616 1957 1680 1973 1682 1973 1684 1973 1686 1973 1757 1955 1784 1965 1786 1965 1788 1965 1819 1959 1844 1977 1846 1977 1848 1977 1850 1977 2116 1973 2118 1943 2114 1889 1901 1895 1891 1891 1864 1879 1862 1879 1860 1879 1858 1879 1841 1887 1825 1877 1823 1877 1821 1877 1673 1875 1671 1875 1669 1875 1667 1875 1651 1889 1606 1877 1604 1877 1602 1877 1544 1881 1542 1881 1540 1881 1518 1897 1515 1900 1372 1900 1366 1898 1335 1879 1333 1879 1331 1879 1329 1879 1237 1881 1235 1881 1233 1881 1216 1895 1157 1881 1155 1881 1011 1891 956 1883 954 1883 798 1887 796 1887 739 1908 737 1910 663 1910 609 1910 591 1898 589 1898 587 1898 585 1898 583 1898 540 1910 540 1912 400 1912 402 1965"/></Shape>
	    <String CONTENT="Le quatiiem aot de la nande ligne du testament contenent les tettret, nante"
                    HPOS="400"
                    VPOS="1875"
                    WIDTH="1718"
                    HEIGHT="117"
                    WC="0.953930481672287"></String>
          </TextLine>
          <TextLine ID="eSc_line_04873a33"
                    TAGREFS="LT326"
                    BASELINE="214 2039 1198 2006 2118 2004" 
                    HPOS="212"
                    VPOS="1945"
                    WIDTH="1906"
                    HEIGHT="123">
            <Shape><Polygon POINTS="214 2039 218 2062 240 2049 318 2049 408 2049 429 2060 447 2068 449 2068 450 2068 558 2059 562 2059 566 2059 691 2064 693 2064 695 2064 696 2064 710 2057 712 2055 722 2057 761 2062 763 2062 808 2055 864 2045 901 2053 921 2059 923 2059 925 2059 1089 2057 1091 2057 1110 2051 1171 2031 1270 2031 1341 2045 1343 2045 1345 2045 1378 2029 1405 2037 1407 2037 1409 2037 1458 2027 1556 2033 1573 2045 1575 2047 1577 2047 1579 2047 1581 2047 1600 2045 1716 2027 1762 2043 1764 2043 1766 2043 1768 2043 1770 2043 1772 2043 1819 2021 2116 2037 2118 2004 2112 1957 1778 1965 1757 1959 1716 1945 1714 1945 1712 1945 1710 1945 1673 1959 1645 1969 1614 1961 1612 1961 1610 1961 1415 1973 1380 1961 1345 1949 1343 1949 1341 1949 1247 1963 1132 1978 1003 1965 937 1957 935 1957 890 1965 827 1977 773 1965 755 1963 753 1963 751 1963 739 1967 689 1980 646 1967 644 1967 544 1965 542 1965 540 1965 531 1967 464 1986 398 1969 396 1969 394 1969 212 1969 214 2039"/></Shape>
	    <String CONTENT="1et aagé. la datte vingt et un gurendal 5e eit en ctiffie tant au buis de le"
                    HPOS="212"
                    VPOS="1945"
                    WIDTH="1906"
                    HEIGHT="123"
                    WC="0.9285022463453444"></String>
          </TextLine>
          <TextLine ID="eSc_line_4fe7b900"
                    TAGREFS="LT326"
                    BASELINE="21 2082 247 2086" 
                    HPOS="19"
                    VPOS="2043"
                    WIDTH="228"
                    HEIGHT="80">
            <Shape><Polygon POINTS="21 2082 19 2111 27 2119 27 2121 29 2121 31 2121 33 2123 119 2123 119 2121 121 2121 122 2121 148 2103 152 2101 206 2101 208 2103 224 2115 224 2117 226 2117 228 2117 230 2117 232 2117 234 2117 245 2105 247 2086 247 2059 21 2043 21 2082"/></Shape>
	    <String CONTENT="isanle."
                    HPOS="19"
                    VPOS="2043"
                    WIDTH="228"
                    HEIGHT="80"
                    WC="0.9718627503940037"></String>
          </TextLine>
          <TextLine ID="eSc_line_7a10b0de"
                    TAGREFS="LT326"
                    BASELINE="322 2092 536 2096 1187 2074 1770 2070" 
                    HPOS="320"
                    VPOS="2018"
                    WIDTH="1450"
                    HEIGHT="105">
            <Shape><Polygon POINTS="322 2092 322 2123 698 2121 778 2113 872 2103 966 2107 1083 2113 1085 2113 1087 2113 1124 2103 1147 2098 1204 2098 1212 2101 1231 2111 1233 2111 1235 2111 1419 2107 1770 2084 1770 2070 1764 2035 1634 2037 1628 2035 1618 2027 1616 2027 1614 2027 1612 2027 1610 2027 1593 2035 1587 2037 1585 2035 1565 2019 1563 2019 1561 2019 1559 2019 1485 2029 1450 2018 1448 2018 1446 2018 1444 2018 1415 2027 1399 2019 1397 2019 1395 2019 1393 2019 1392 2019 1366 2035 1356 2041 1323 2035 1243 2021 1241 2021 1056 2035 1030 2039 1028 2039 1026 2039 1017 2049 972 2037 970 2037 968 2037 903 2049 882 2037 870 2029 868 2029 866 2029 864 2029 819 2037 763 2047 724 2039 722 2039 720 2039 677 2057 497 2059 437 2037 433 2037 431 2037 429 2037 320 2037 322 2092"/></Shape>
	    <String CONTENT="duscreption, que du testament a llapionné signé dacare "
                    HPOS="320"
                    VPOS="2018"
                    WIDTH="1450"
                    HEIGHT="105"
                    WC="0.9807838450778614"></String>
          </TextLine>
          <TextLine ID="eSc_line_3197f3cd"
                    TAGREFS="LT326"
                    BASELINE="23 2152 121 2164" 
                    HPOS="19"
                    VPOS="2101"
                    WIDTH="103"
                    HEIGHT="94">
            <Shape><Polygon POINTS="19 2178 66 2195 68 2195 70 2195 117 2187 121 2164 122 2123 80 2107 78 2107 76 2107 74 2107 64 2109 46 2115 29 2101 23 2152 19 2178"/></Shape>
	    <String CONTENT="114"
                    HPOS="19"
                    VPOS="2101"
                    WIDTH="103"
                    HEIGHT="94"
                    WC="0.8969820340474447"></String>
          </TextLine>
          <TextLine ID="eSc_line_69de17b9"
                    TAGREFS="LT326"
                    BASELINE="398 2172 595 2170 1167 2140 2128 2133" 
                    HPOS="396"
                    VPOS="2080"
                    WIDTH="1732"
                    HEIGHT="131">
            <Shape><Polygon POINTS="398 2172 398 2191 474 2211 476 2211 646 2189 736 2205 737 2205 739 2205 741 2205 771 2185 775 2181 829 2172 1114 2170 1146 2178 1208 2197 1210 2197 1212 2197 1438 2191 1440 2191 1442 2191 1470 2172 1489 2162 1561 2162 1575 2170 1606 2187 1608 2187 1610 2187 1661 2178 1798 2181 1800 2181 1802 2181 1844 2166 1874 2156 1909 2164 1919 2166 1921 2166 1934 2164 2003 2152 2059 2162 2094 2168 2096 2168 2098 2168 2128 2160 2128 2133 2122 2088 1815 2098 1798 2090 1776 2082 1774 2082 1772 2082 1720 2092 1675 2099 1657 2092 1632 2080 1630 2080 1628 2080 1518 2082 1464 2094 1415 2105 1315 2105 1300 2096 1286 2090 1284 2090 1282 2090 1247 2098 1241 2098 1239 2098 1228 2088 1226 2088 1224 2088 1222 2088 1220 2088 1190 2098 1165 2105 1142 2098 1116 2090 1114 2090 1112 2090 1058 2099 999 2109 970 2099 950 2094 948 2094 946 2094 804 2096 730 2103 570 2119 529 2105 517 2101 515 2101 513 2101 511 2101 501 2105 462 2121 396 2107 398 2172"/></Shape>
	    <String CONTENT="Controlle au port mard ocest le vrogt dia geminmal au cinquiime recu"
                    HPOS="396"
                    VPOS="2080"
                    WIDTH="1732"
                    HEIGHT="131"
                    WC="0.9259733684799251"></String>
          </TextLine>
          <TextLine ID="eSc_line_49b61b20"
                    TAGREFS="LT326"
                    BASELINE="329 2240 1128 2211" 
                    HPOS="327"
                    VPOS="2156"
                    WIDTH="801"
                    HEIGHT="129">
            <Shape><Polygon POINTS="329 2240 331 2285 435 2283 437 2283 439 2283 445 2277 468 2258 503 2273 505 2273 507 2273 509 2273 534 2271 570 2267 572 2267 591 2277 593 2277 595 2277 636 2275 638 2275 667 2261 700 2246 784 2252 786 2252 788 2252 825 2240 841 2248 851 2254 853 2254 855 2254 857 2254 859 2254 859 2252 860 2252 864 2246 868 2242 882 2246 896 2248 898 2248 900 2248 919 2242 944 2236 950 2240 964 2250 966 2250 968 2250 970 2250 972 2250 974 2250 987 2238 991 2234 1128 2226 1128 2211 1124 2156 1015 2156 1013 2156 1011 2156 989 2162 962 2172 950 2164 941 2158 939 2158 937 2158 935 2158 857 2160 769 2166 767 2166 765 2166 753 2176 741 2185 724 2178 718 2176 716 2176 714 2176 712 2176 710 2176 708 2178 698 2185 673 2180 654 2178 652 2178 650 2178 640 2181 624 2191 544 2191 536 2187 525 2180 523 2180 521 2180 519 2180 517 2180 488 2191 474 2195 456 2193 421 2187 419 2187 327 2199 329 2240"/></Shape>
	    <String CONTENT="mille levait digné maraandion."
                    HPOS="327"
                    VPOS="2156"
                    WIDTH="801"
                    HEIGHT="129"
                    WC="0.9640269537766775"></String>
          </TextLine>
          <TextLine ID="eSc_line_096181b6"
                    TAGREFS="LT326"
                    BASELINE="146 2271 201 2269" 
                    HPOS="144"
                    VPOS="2222"
                    WIDTH="57"
                    HEIGHT="86">
            <Shape><Polygon POINTS="146 2297 199 2308 201 2269 199 2238 144 2222 146 2271 146 2297"/></Shape>
	    <String CONTENT="30"
                    HPOS="144"
                    VPOS="2222"
                    WIDTH="57"
                    HEIGHT="86"
                    WC="0.9992572963237762"></String>
          </TextLine>
          <TextLine ID="eSc_line_402384b4"
                    TAGREFS="LT326"
                    BASELINE="671 2291 1481 2261 2124 2261" 
                    HPOS="669"
                    VPOS="2181"
                    WIDTH="1455"
                    HEIGHT="131">
            <Shape><Polygon POINTS="1118 2213 1114 2213 1099 2228 1056 2215 1040 2215 1034 2215 974 2232 946 2220 944 2220 942 2220 941 2220 894 2234 818 2226 816 2226 669 2240 671 2291 671 2301 695 2312 696 2312 698 2312 818 2299 849 2297 901 2297 903 2299 925 2312 927 2312 929 2312 931 2312 1024 2301 1105 2308 1106 2308 1108 2308 1155 2297 1177 2291 1198 2295 1226 2301 1228 2301 1288 2295 1374 2285 1388 2293 1397 2301 1399 2301 1401 2301 1403 2301 1458 2293 1475 2291 1493 2293 1546 2299 1548 2299 1589 2297 1591 2297 1593 2297 1598 2291 1612 2281 1809 2285 1811 2285 1813 2285 1815 2285 1815 2283 1825 2275 1891 2289 1899 2289 1901 2289 1903 2289 1905 2289 1905 2287 1921 2275 2122 2285 2124 2261 2122 2207 2067 2187 2065 2187 2063 2187 2061 2187 2059 2187 2034 2209 1999 2209 1928 2181 1926 2181 1925 2181 1852 2185 1850 2185 1766 2215 1673 2203 1671 2203 1669 2203 1632 2219 1538 2191 1536 2191 1534 2191 1196 2197 1194 2197 1192 2197 1155 2224 1128 2209 1126 2209 1124 2209 1122 2209 1120 2209 1118 2209 1118 2213"/></Shape>
	    <String CONTENT="Lonegisté par mmor lee aiale Leffon Gueffier du tibenal"
                    HPOS="669"
                    VPOS="2181"
                    WIDTH="1455"
                    HEIGHT="131"
                    WC="0.9251537133346904"></String>
          </TextLine>
          <TextLine ID="eSc_line_ff5db893"
                    TAGREFS="LT326"
                    BASELINE="76 2340 294 2345" 
                    HPOS="74"
                    VPOS="2283"
                    WIDTH="220"
                    HEIGHT="86">
            <Shape><Polygon POINTS="76 2340 74 2365 290 2369 294 2345 292 2297 249 2299 240 2295 218 2285 216 2285 214 2285 212 2285 189 2293 179 2297 171 2293 158 2283 156 2283 154 2283 152 2283 76 2289 76 2340"/></Shape>
	    <String CONTENT="Dn iûr"
                    HPOS="74"
                    VPOS="2283"
                    WIDTH="220"
                    HEIGHT="86"
                    WC="0.8589719931284586"></String>
          </TextLine>
          <TextLine ID="eSc_line_f59c04f9"
                    TAGREFS="LT326"
                    BASELINE="661 2351 1298 2328 2131 2320" 
                    HPOS="659"
                    VPOS="2267"
                    WIDTH="1472"
                    HEIGHT="98">
            <Shape><Polygon POINTS="661 2351 661 2365 2131 2338 2131 2320 2128 2283 1967 2267 1966 2267 1964 2267 1962 2267 1934 2285 1860 2277 1858 2277 1856 2277 1817 2289 1813 2289 1794 2271 1792 2271 1790 2271 1762 2271 1761 2271 1659 2273 1657 2273 1655 2273 1630 2293 1626 2295 1419 2297 1417 2297 1395 2279 1393 2279 1392 2279 1362 2279 1360 2279 1358 2279 1323 2297 1284 2285 1282 2285 1280 2285 1278 2285 1247 2297 1163 2283 1161 2283 1099 2297 1026 2287 1024 2287 941 2301 901 2289 900 2289 898 2289 896 2289 837 2308 833 2310 659 2310 661 2351"/></Shape>
	    <String CONTENT="nd dil Jle de Frannce Joussigné sur une pedition des dits fraquant"
                    HPOS="659"
                    VPOS="2267"
                    WIDTH="1472"
                    HEIGHT="98"
                    WC="0.9321549340631022"></String>
          </TextLine>
          <TextLine ID="eSc_line_1af96af4"
                    TAGREFS="LT326"
                    BASELINE="99 2425 400 2422" 
                    HPOS="97"
                    VPOS="2357"
                    WIDTH="303"
                    HEIGHT="100">
            <Shape><Polygon POINTS="99 2425 99 2445 247 2457 249 2457 300 2451 378 2443 394 2455 400 2422 396 2379 331 2377 302 2357 300 2357 298 2357 296 2357 187 2359 185 2359 183 2359 183 2361 167 2377 163 2379 97 2377 99 2425"/></Shape>
	    <String CONTENT="Mit"
                    HPOS="97"
                    VPOS="2357"
                    WIDTH="303"
                    HEIGHT="100"
                    WC="0.9999850591023763"></String>
          </TextLine>
          <TextLine ID="eSc_line_11edeadb"
                    TAGREFS="LT326"
                    BASELINE="441 2420 501 2418" 
                    HPOS="437"
                    VPOS="2340"
                    WIDTH="64"
                    HEIGHT="97">
            <Shape><Polygon POINTS="441 2420 441 2437 499 2435 501 2418 495 2340 437 2340 441 2420"/></Shape>
	    <String CONTENT="1"
                    HPOS="437"
                    VPOS="2340"
                    WIDTH="64"
                    HEIGHT="97"
                    WC="0.999929666519165"></String>
          </TextLine>
          <TextLine ID="eSc_line_15a65738"
                    TAGREFS="LT326"
                    BASELINE="650 2412 1431 2384 2130 2373" 
                    HPOS="648"
                    VPOS="2324"
                    WIDTH="1482"
                    HEIGHT="121">
            <Shape><Polygon POINTS="650 2412 650 2429 698 2443 700 2443 702 2443 704 2443 763 2427 765 2427 823 2435 825 2435 827 2435 864 2423 868 2422 1009 2420 1079 2420 1153 2445 1155 2445 1157 2445 1364 2427 1444 2437 1446 2437 1448 2437 1526 2408 1552 2420 1554 2420 1556 2420 1614 2408 1649 2431 1651 2431 1653 2431 1655 2431 1737 2429 1786 2427 1788 2427 1790 2427 1829 2398 1952 2423 1954 2423 2077 2416 2079 2416 2130 2388 2130 2373 2124 2324 2024 2338 1966 2330 1964 2330 1962 2330 1960 2330 1946 2340 1823 2334 1743 2330 1741 2330 1682 2338 1634 2345 1610 2342 1585 2336 1583 2336 1522 2343 1505 2345 1485 2345 1384 2340 1382 2340 1380 2340 1378 2340 1378 2342 1368 2349 1362 2355 1352 2349 1337 2342 1335 2342 1333 2342 1331 2342 1294 2351 1270 2357 1245 2353 1216 2349 1214 2349 1173 2355 1151 2359 1146 2357 1124 2347 1122 2347 1120 2347 1118 2347 1089 2359 1077 2365 1032 2365 1026 2361 1011 2349 1009 2349 1007 2349 1005 2349 825 2367 788 2371 780 2369 739 2357 737 2357 736 2357 648 2373 650 2412"/></Shape>
	    <String CONTENT="de testament deluie far legrueffan de la purtent ce pr qu&#x27;ent de prelés"
                    HPOS="648"
                    VPOS="2324"
                    WIDTH="1482"
                    HEIGHT="121"
                    WC="0.9283365422571209"></String>
          </TextLine>
          <TextLine ID="eSc_line_9d76b966"
                    TAGREFS="LT326"
                    BASELINE="25 2505 99 2502" 
                    HPOS="19"
                    VPOS="2416"
                    WIDTH="80"
                    HEIGHT="117">
            <Shape><Polygon POINTS="25 2505 25 2527 99 2533 99 2502 93 2427 19 2416 25 2505"/></Shape>
	    <String CONTENT="34"
                    HPOS="19"
                    VPOS="2416"
                    WIDTH="80"
                    HEIGHT="117"
                    WC="0.9991199970245361"></String>
          </TextLine>
          <TextLine ID="eSc_line_32d233b1"
                    TAGREFS="LT326"
                    BASELINE="298 2511 327 2511" 
                    HPOS="298"
                    VPOS="2433"
                    WIDTH="29"
                    HEIGHT="86">
            <Shape><Polygon POINTS="298 2511 298 2517 326 2519 327 2511 326 2433 298 2433 298 2511"/></Shape>
	    <String CONTENT="1"
                    HPOS="298"
                    VPOS="2433"
                    WIDTH="29"
                    HEIGHT="86"
                    WC="0.9946950078010559"></String>
          </TextLine>
          <TextLine ID="eSc_line_3fc2a41e"
                    TAGREFS="LT326"
                    BASELINE="642 2478 1003 2449" 
                    HPOS="636"
                    VPOS="2402"
                    WIDTH="367"
                    HEIGHT="94">
            <Shape><Polygon POINTS="642 2478 642 2496 1003 2470 1003 2449 997 2402 636 2427 642 2478"/></Shape>
	    <String CONTENT="Laloaige"
                    HPOS="636"
                    VPOS="2402"
                    WIDTH="367"
                    HEIGHT="94"
                    WC="0.9364686906337738"></String>
          </TextLine>
          <TextLine ID="eSc_line_74af795f"
                    TAGREFS="LT326"
                    BASELINE="675 2517 995 2505 1298 2474 2108 2455" 
                    HPOS="673"
                    VPOS="2406"
                    WIDTH="1435"
                    HEIGHT="142">
            <Shape><Polygon POINTS="927 2457 919 2457 898 2464 892 2468 673 2474 673 2476 675 2517 675 2548 788 2546 790 2546 792 2546 823 2525 872 2533 874 2533 876 2533 915 2521 972 2539 974 2539 976 2539 1058 2537 1060 2537 1136 2509 1333 2505 1411 2525 1413 2525 1415 2525 1417 2525 1524 2521 1526 2521 1591 2494 1651 2494 1688 2515 1690 2515 1692 2515 1694 2515 1729 2513 1786 2509 1788 2509 1790 2509 1821 2488 1876 2507 1878 2507 1880 2507 1882 2507 1940 2490 2106 2500 2108 2455 2104 2410 1991 2406 1989 2406 1987 2406 1985 2406 1971 2418 1952 2431 1862 2433 1809 2423 1749 2414 1747 2414 1645 2416 1643 2416 1587 2433 1569 2420 1567 2420 1565 2420 1563 2420 1474 2433 1448 2423 1446 2423 1444 2423 1317 2427 1315 2427 1313 2427 1313 2429 1292 2447 1288 2451 1278 2449 1220 2431 1218 2431 1216 2431 1214 2431 1171 2451 1136 2433 1134 2433 1132 2433 1130 2433 1075 2457 1065 2463 946 2464 942 2463 933 2455 927 2457"/></Shape>
	    <String CONTENT="Autoit nord vient belete fance lacinq Mentoie au sesieme de la"
                    HPOS="673"
                    VPOS="2406"
                    WIDTH="1435"
                    HEIGHT="142"
                    WC="0.9335891287172994"></String>
          </TextLine>
          <TextLine ID="eSc_line_cdb15a99"
                    TAGREFS="LT326"
                    BASELINE="687 2576 1171 2560" 
                    HPOS="685"
                    VPOS="2505"
                    WIDTH="486"
                    HEIGHT="149">
            <Shape><Polygon POINTS="687 2576 687 2632 726 2654 728 2654 730 2654 853 2650 855 2650 857 2650 857 2648 886 2621 919 2630 921 2630 923 2630 925 2630 927 2630 954 2607 964 2599 1013 2601 1040 2603 1042 2603 1044 2603 1056 2599 1065 2593 1071 2597 1087 2609 1089 2609 1091 2609 1093 2609 1095 2609 1097 2609 1097 2607 1112 2593 1112 2591 1171 2587 1171 2560 1167 2519 1126 2505 1124 2505 1122 2505 1044 2525 974 2525 929 2511 927 2511 925 2511 923 2511 866 2527 806 2515 804 2515 802 2515 769 2533 685 2535 687 2576"/></Shape>
	    <String CONTENT="Regat ser un "
                    HPOS="685"
                    VPOS="2505"
                    WIDTH="486"
                    HEIGHT="149"
                    WC="0.714423765356724"></String>
          </TextLine>
          <TextLine ID="eSc_line_ad068ac5"
                    TAGREFS="LT326"
                    BASELINE="1214 2566 1460 2568 1665 2550" 
                    HPOS="1210"
                    VPOS="2474"
                    WIDTH="455"
                    HEIGHT="117">
            <Shape><Polygon POINTS="1214 2566 1214 2591 1665 2580 1665 2550 1659 2474 1575 2476 1573 2476 1571 2476 1516 2509 1417 2509 1327 2486 1317 2484 1315 2484 1313 2484 1210 2490 1214 2566"/></Shape>
	    <String CONTENT="Lanon "
                    HPOS="1210"
                    VPOS="2474"
                    WIDTH="455"
                    HEIGHT="117"
                    WC="0.9865477283795675"></String>
          </TextLine>
          <TextLine ID="eSc_line_92d842d2"
                    TAGREFS="LT326"
                    BASELINE="1641 2613 1782 2603" 
                    HPOS="1636"
                    VPOS="2556"
                    WIDTH="146"
                    HEIGHT="76">
            <Shape><Polygon POINTS="1641 2613 1643 2632 1698 2619 1780 2624 1782 2603 1776 2556 1743 2556 1741 2556 1739 2556 1737 2556 1731 2560 1718 2572 1690 2566 1669 2562 1667 2562 1665 2562 1636 2572 1641 2613"/></Shape>
	    <String CONTENT="32"
                    HPOS="1636"
                    VPOS="2556"
                    WIDTH="146"
                    HEIGHT="76"
                    WC="0.9999912977218628"></String>
          </TextLine>
          <TextLine ID="eSc_line_01b635ed"
                    TAGREFS="LT326"
                    BASELINE="68 2654 261 2660" 
                    HPOS="66"
                    VPOS="2584"
                    WIDTH="195"
                    HEIGHT="128">
            <Shape><Polygon POINTS="68 2654 66 2705 132 2712 134 2712 136 2712 138 2712 158 2697 187 2675 257 2687 261 2660 261 2587 226 2584 224 2584 222 2584 220 2584 206 2593 189 2603 175 2595 154 2585 152 2585 150 2585 148 2585 146 2585 128 2601 115 2611 68 2609 68 2654"/></Shape>
	    <String CONTENT="agid d"
                    HPOS="66"
                    VPOS="2584"
                    WIDTH="195"
                    HEIGHT="128"
                    WC="0.944188266992569"></String>
          </TextLine>
          <TextLine ID="eSc_line_6e57683e"
                    TAGREFS="LT326"
                    BASELINE="1556 2687 1770 2681" 
                    HPOS="1554"
                    VPOS="2628"
                    WIDTH="216"
                    HEIGHT="88">
            <Shape><Polygon POINTS="1556 2687 1556 2716 1593 2716 1593 2714 1595 2714 1597 2714 1598 2712 1630 2693 1657 2693 1671 2705 1671 2706 1673 2706 1675 2706 1677 2706 1679 2706 1727 2695 1768 2703 1770 2681 1764 2628 1679 2646 1651 2638 1626 2632 1624 2632 1622 2632 1554 2648 1556 2687"/></Shape>
	    <String CONTENT="5ar"
                    HPOS="1554"
                    VPOS="2628"
                    WIDTH="216"
                    HEIGHT="88"
                    WC="0.8659855723381042"></String>
          </TextLine>
          <TextLine ID="eSc_line_0818b454"
                    TAGREFS="LT326"
                    BASELINE="113 2738 368 2745" 
                    HPOS="111"
                    VPOS="2703"
                    WIDTH="257"
                    HEIGHT="72">
            <Shape><Polygon POINTS="113 2738 111 2767 365 2775 368 2745 367 2706 308 2716 113 2703 113 2738"/></Shape>
	    <String CONTENT="porzamd"
                    HPOS="111"
                    VPOS="2703"
                    WIDTH="257"
                    HEIGHT="72"
                    WC="0.9944547585078648"></String>
          </TextLine>
          <TextLine ID="eSc_line_5a478718"
                    TAGREFS="LT326"
                    BASELINE="456 2744 478 2742" 
                    HPOS="454"
                    VPOS="2710"
                    WIDTH="24"
                    HEIGHT="39">
            <Shape><Polygon POINTS="456 2749 476 2749 478 2742 474 2714 454 2710 456 2744 456 2749"/></Shape>
	    <String CONTENT="1"
                    HPOS="454"
                    VPOS="2710"
                    WIDTH="24"
                    HEIGHT="39"
                    WC="0.999889612197876"></String>
          </TextLine>
          <TextLine ID="eSc_line_461a4b6c"
                    TAGREFS="LT326"
                    BASELINE="15 2818 115 2835 326 2835" 
                    HPOS="13"
                    VPOS="2749"
                    WIDTH="313"
                    HEIGHT="123">
            <Shape><Polygon POINTS="15 2818 13 2841 64 2843 74 2849 119 2866 121 2866 224 2868 226 2868 228 2868 236 2865 247 2859 322 2872 326 2835 324 2775 210 2786 167 2773 165 2773 163 2773 162 2773 132 2783 85 2753 81 2751 80 2751 78 2751 17 2749 15 2818"/></Shape>
	    <String CONTENT="deniéation de"
                    HPOS="13"
                    VPOS="2749"
                    WIDTH="313"
                    HEIGHT="123"
                    WC="0.8503952461939591"></String>
          </TextLine>
          <TextLine ID="eSc_line_b8488ecb"
                    TAGREFS="LT326"
                    BASELINE="435 2812 1321 2755 2139 2744" 
                    HPOS="431"
                    VPOS="2675"
                    WIDTH="1708"
                    HEIGHT="176">
            <Shape><Polygon POINTS="2128 2687 2124 2683 2048 2689 2042 2687 2022 2675 2020 2675 2018 2675 1938 2677 1936 2677 1903 2693 1895 2695 1891 2693 1862 2681 1860 2681 1858 2681 1798 2683 1796 2683 1761 2699 1753 2701 1737 2699 1659 2689 1657 2689 1655 2689 1614 2705 1602 2708 1571 2706 1489 2701 1487 2701 1433 2712 1413 2718 1267 2722 1261 2720 1247 2710 1245 2710 1243 2710 1241 2710 1075 2728 1034 2732 1030 2730 1005 2716 1003 2716 1001 2716 851 2722 720 2744 704 2745 695 2745 614 2732 613 2732 611 2732 577 2749 575 2751 431 2755 435 2812 435 2851 667 2843 669 2843 677 2841 695 2831 710 2839 716 2841 718 2841 720 2841 722 2841 730 2837 769 2818 841 2818 864 2829 872 2833 874 2833 876 2833 878 2833 880 2833 888 2827 921 2808 1147 2798 1220 2808 1222 2808 1224 2808 1251 2792 1386 2786 1433 2786 1456 2796 1483 2808 1485 2808 1487 2808 1565 2806 1567 2806 1569 2806 1591 2788 1598 2788 1645 2785 1651 2785 1698 2800 1700 2800 1702 2800 1790 2796 1792 2796 1794 2796 1825 2775 1833 2771 1843 2775 1891 2792 1893 2792 1895 2792 2001 2788 2139 2757 2139 2744 2131 2693 2128 2687"/></Shape>
	    <String CONTENT="Apudté ent compars pardesant les enntaies putlien à lisla de feavre"
                    HPOS="431"
                    VPOS="2675"
                    WIDTH="1708"
                    HEIGHT="176"
                    WC="0.9077553722395826"></String>
          </TextLine>
          <TextLine ID="eSc_line_b14b134c"
                    TAGREFS="LT326"
                    BASELINE="56 2919 236 2927 347 2911 392 2890 696 2878 1276 2827 2161 2829" 
                    HPOS="52"
                    VPOS="2777"
                    WIDTH="2109"
                    HEIGHT="152">
            <Shape><Polygon POINTS="56 2919 56 2929 417 2921 419 2921 435 2917 497 2902 605 2911 618 2911 620 2911 638 2909 816 2884 878 2900 884 2902 886 2902 888 2902 890 2902 896 2900 980 2868 1108 2855 1581 2845 1643 2865 1645 2865 1647 2865 1649 2865 1710 2847 1762 2861 1764 2861 1766 2861 1768 2861 1809 2843 1940 2839 1979 2859 1999 2868 2001 2868 2073 2878 2075 2878 2077 2878 2161 2851 2161 2829 2159 2786 2100 2777 2098 2777 2096 2777 2094 2777 2077 2788 2003 2783 2001 2783 1999 2783 1969 2792 1909 2777 1907 2777 1905 2777 1780 2800 1778 2800 1774 2800 1725 2790 1723 2790 1639 2804 1628 2806 1620 2806 1448 2781 1446 2781 1042 2790 1040 2790 1038 2790 1024 2800 976 2792 974 2792 972 2792 880 2824 696 2820 695 2820 570 2835 546 2826 544 2826 542 2826 540 2826 538 2826 511 2843 503 2845 456 2845 341 2841 339 2841 52 2857 56 2919"/></Shape>
	    <String CONTENT="Copideuté soussi qu&#x27;és citrgrene franaise benratte utnd poun au premiores nvorr de"
                    HPOS="52"
                    VPOS="2777"
                    WIDTH="2109"
                    HEIGHT="152"
                    WC="0.8866283740939164"></String>
          </TextLine>
          <TextLine ID="eSc_line_ad737d92"
                    TAGREFS="LT326"
                    BASELINE="201 2945 279 2945" 
                    HPOS="201"
                    VPOS="2921"
                    WIDTH="78"
                    HEIGHT="45">
            <Shape><Polygon POINTS="259 2925 240 2927 220 2927 201 2927 201 2945 201 2966 279 2966 279 2945 277 2921 259 2925"/></Shape>
	    <String CONTENT="3454"
                    HPOS="201"
                    VPOS="2921"
                    WIDTH="78"
                    HEIGHT="45"
                    WC="0.9999092519283295"></String>
          </TextLine>
          <TextLine ID="eSc_line_a166fcd2"
                    TAGREFS="LT326"
                    BASELINE="316 2945 329 2943" 
                    HPOS="312"
                    VPOS="2915"
                    WIDTH="19"
                    HEIGHT="45">
            <Shape><Polygon POINTS="312 2917 316 2945 318 2960 331 2960 329 2943 322 2915 312 2917"/></Shape>
	    <String CONTENT="4"
                    HPOS="312"
                    VPOS="2915"
                    WIDTH="19"
                    HEIGHT="45"
                    WC="0.9993927478790283"></String>
          </TextLine>
          <TextLine ID="eSc_line_99a9d6b5"
                    TAGREFS="LT326"
                    BASELINE="939 2929 1423 2896 2135 2894" 
                    HPOS="937"
                    VPOS="2837"
                    WIDTH="1198"
                    HEIGHT="113">
            <Shape><Polygon POINTS="939 2929 939 2950 1187 2929 1247 2929 1265 2939 1269 2943 1270 2943 1272 2943 1274 2943 1600 2937 1602 2937 1638 2925 1645 2923 1655 2925 1690 2931 1692 2931 1694 2931 1696 2931 1706 2923 1712 2919 1731 2921 1764 2925 1766 2925 1813 2919 1848 2913 1864 2917 1911 2927 1913 2927 1915 2927 1944 2913 1950 2911 1958 2913 2008 2927 2010 2927 2012 2927 2133 2906 2135 2894 2130 2857 2014 2859 2012 2859 1989 2837 1987 2837 1985 2837 1952 2837 1950 2837 1948 2837 1946 2837 1946 2839 1925 2861 1925 2863 1831 2863 1778 2841 1776 2841 1774 2841 1667 2855 1626 2849 1624 2849 1622 2849 1620 2849 1595 2868 1528 2859 1526 2859 1524 2859 1497 2870 1454 2853 1452 2853 1450 2853 1448 2853 1446 2853 1423 2872 1370 2861 1368 2861 1272 2866 1259 2857 1257 2857 1255 2857 1253 2857 1251 2857 1183 2876 1149 2857 1147 2857 1146 2857 1103 2857 1101 2857 1028 2859 1026 2859 1024 2859 1024 2861 1003 2882 937 2884 939 2929"/></Shape>
	    <String CONTENT="des arlanies auperdtnn apour devaice desoc"
                    HPOS="937"
                    VPOS="2837"
                    WIDTH="1198"
                    HEIGHT="113"
                    WC="0.9408775922797975"></String>
          </TextLine>
          <TextLine ID="eSc_line_1d2660cf"
                    TAGREFS="LT326"
                    BASELINE="357 2970 710 2960 917 2933" 
                    HPOS="355"
                    VPOS="2898"
                    WIDTH="562"
                    HEIGHT="101">
            <Shape><Polygon POINTS="357 2970 357 2999 423 2988 450 2995 454 2995 456 2995 458 2995 486 2991 564 2980 614 2982 677 2984 679 2984 681 2984 704 2974 720 2968 732 2972 745 2976 747 2976 749 2976 751 2976 753 2976 761 2970 767 2966 792 2968 841 2970 843 2970 917 2956 917 2933 911 2904 714 2925 702 2919 673 2898 671 2898 669 2898 667 2898 531 2904 529 2904 527 2904 493 2925 447 2921 445 2921 443 2921 355 2945 357 2970"/></Shape>
	    <String CONTENT="Eitaque Radella carisain"
                    HPOS="355"
                    VPOS="2898"
                    WIDTH="562"
                    HEIGHT="101"
                    WC="0.9302531406283379"></String>
          </TextLine>
          <TextLine ID="eSc_line_b9e6aef6"
                    TAGREFS="LT326"
                    BASELINE="81 3001 269 3009" 
                    HPOS="80"
                    VPOS="2937"
                    WIDTH="189"
                    HEIGHT="107">
            <Shape><Polygon POINTS="81 3001 80 3027 175 3044 177 3044 267 3034 269 3009 267 2948 138 2950 130 2941 128 2941 128 2939 126 2939 124 2939 81 2937 81 3001"/></Shape>
	    <String CONTENT="14950"
                    HPOS="80"
                    VPOS="2937"
                    WIDTH="189"
                    HEIGHT="107"
                    WC="0.9204452514648438"></String>
          </TextLine>
          <TextLine ID="eSc_line_29277809"
                    TAGREFS="LT326"
                    BASELINE="347 3009 505 3009" 
                    HPOS="347"
                    VPOS="2970"
                    WIDTH="158"
                    HEIGHT="55">
            <Shape><Polygon POINTS="347 3025 505 3025 505 3009 505 2978 431 2970 429 2970 413 2972 380 2980 349 2970 347 3009 347 3025"/></Shape>
	    <String CONTENT="Cde"
                    HPOS="347"
                    VPOS="2970"
                    WIDTH="158"
                    HEIGHT="55"
                    WC="0.9989274541536967"></String>
          </TextLine>
          <TextLine ID="eSc_line_b044b30d"
                    TAGREFS="LT326"
                    BASELINE="349 3042 589 3040 1194 2982 1897 2970 2135 2974" 
                    HPOS="347"
                    VPOS="2900"
                    WIDTH="1788"
                    HEIGHT="181">
            <Shape><Polygon POINTS="503 3011 484 3011 464 3011 445 3011 425 3011 406 3011 386 3011 367 3011 347 3011 349 3042 349 3081 593 3071 595 3071 624 3058 695 3060 696 3060 698 3060 700 3060 734 3036 855 3040 857 3040 1054 3011 1319 3001 1356 3019 1358 3019 1360 3019 1427 3009 1466 3019 1468 3019 1470 3019 1472 3019 1474 3019 1503 2997 1550 2993 1618 3011 1620 3011 1622 3011 1624 3011 1686 2993 1745 3003 1747 3003 1848 2995 1884 3013 1885 3013 1887 3013 2135 3003 2135 2974 2131 2923 2024 2909 2022 2909 2020 2909 1995 2917 1966 2900 1964 2900 1962 2900 1960 2900 1958 2900 1860 2935 1841 2941 1815 2937 1669 2907 1667 2907 1665 2907 1602 2929 1542 2923 1540 2923 1474 2937 1425 2927 1423 2927 1421 2927 1419 2927 1393 2945 1249 2927 1247 2927 919 2941 917 2941 802 2982 784 2989 507 2997 503 3011"/></Shape>
	    <String CONTENT="ciroyen franaois ansient d^te nmital ple pars atle de lnenicipalité de"
                    HPOS="347"
                    VPOS="2900"
                    WIDTH="1788"
                    HEIGHT="181"
                    WC="0.8819789562906538"></String>
          </TextLine>
          <TextLine ID="eSc_line_a9cf0cc9"
                    TAGREFS="LT326"
                    BASELINE="74 3073 355 3079" 
                    HPOS="72"
                    VPOS="3019"
                    WIDTH="283"
                    HEIGHT="93">
            <Shape><Polygon POINTS="74 3073 72 3091 113 3107 115 3107 117 3107 208 3101 265 3112 267 3112 353 3097 355 3079 355 3044 290 3027 288 3027 286 3027 242 3034 206 3040 74 3019 74 3073"/></Shape>
	    <String CONTENT="pile muvarn"
                    HPOS="72"
                    VPOS="3019"
                    WIDTH="283"
                    HEIGHT="93"
                    WC="0.9069368053566326"></String>
          </TextLine>
          <TextLine ID="eSc_line_129983ea"
                    TAGREFS="LT326"
                    BASELINE="413 3079 490 3079" 
                    HPOS="413"
                    VPOS="3054"
                    WIDTH="77"
                    HEIGHT="45">
            <Shape><Polygon POINTS="413 3079 413 3097 488 3099 490 3079 490 3058 413 3054 413 3079"/></Shape>
	    <String CONTENT="8"
                    HPOS="413"
                    VPOS="3054"
                    WIDTH="77"
                    HEIGHT="45"
                    WC="0.9999889135360718"></String>
          </TextLine>
          <TextLine ID="eSc_line_65a89149"
                    TAGREFS="LT326"
                    BASELINE="357 3124 611 3116 759 3097 929 3089 1185 3056 1878 3050 2102 3034" 
                    HPOS="353"
                    VPOS="2988"
                    WIDTH="1749"
                    HEIGHT="160">
            <Shape><Polygon POINTS="472 3081 452 3081 433 3081 413 3081 406 3068 353 3068 357 3124 357 3148 601 3142 693 3126 714 3136 716 3136 718 3136 720 3136 763 3114 810 3134 812 3134 814 3134 948 3130 950 3130 1034 3099 1091 3110 1093 3110 1095 3110 1097 3110 1124 3091 1202 3114 1204 3114 1206 3114 1208 3114 1290 3083 1440 3081 1475 3093 1477 3093 1479 3093 1481 3093 1483 3093 1505 3077 1841 3069 1891 3071 1934 3095 1936 3095 1987 3097 1993 3097 1995 3097 1997 3097 1999 3097 2016 3085 2102 3093 2102 3034 2096 3005 2063 3013 2030 3007 1966 2995 1964 2995 1962 2995 1960 2995 1940 3007 1846 2988 1844 2988 1809 2989 1807 2989 1805 2989 1778 3009 1643 3009 1614 2995 1612 2995 1610 2995 1608 2995 1567 3009 1536 2997 1534 2997 1532 2997 1448 3009 1349 3003 1347 3003 1345 3003 1302 3023 1276 3007 1274 3007 1272 3007 1270 3007 1194 3019 1163 3009 1161 3009 1159 3009 939 3046 907 3052 896 3048 864 3036 862 3036 860 3036 859 3036 804 3052 786 3058 659 3060 650 3058 620 3048 618 3048 616 3048 554 3062 538 3066 478 3066 472 3081"/></Shape>
	    <String CONTENT="canton u pranciss du presant mo, du enatte iile."
                    HPOS="353"
                    VPOS="2988"
                    WIDTH="1749"
                    HEIGHT="160"
                    WC="0.8475436121225357"></String>
          </TextLine>
          <TextLine ID="eSc_line_3286e995"
                    TAGREFS="LT326"
                    BASELINE="85 3190 144 3196" 
                    HPOS="81"
                    VPOS="3157"
                    WIDTH="63"
                    HEIGHT="73">
            <Shape><Polygon POINTS="85 3190 81 3226 138 3230 144 3196 144 3163 87 3157 85 3190"/></Shape>
	    <String CONTENT="297"
                    HPOS="81"
                    VPOS="3157"
                    WIDTH="63"
                    HEIGHT="73"
                    WC="0.9999678134918213"></String>
          </TextLine>
          <TextLine ID="eSc_line_bb7f03d2"
                    TAGREFS="LT326"
                    BASELINE="199 3208 751 3192 909 3177 1040 3151 1306 3134 1817 3134 1975 3151 2135 3153" 
                    HPOS="195"
                    VPOS="3073"
                    WIDTH="1940"
                    HEIGHT="158">
            <Shape><Polygon POINTS="199 3208 199 3214 279 3231 281 3231 335 3222 370 3231 372 3231 374 3231 790 3222 792 3222 794 3222 821 3202 841 3212 843 3212 845 3212 919 3208 921 3208 923 3208 941 3196 970 3181 1065 3183 1067 3183 1069 3183 1071 3183 1093 3167 1132 3187 1134 3187 1136 3187 1138 3187 1179 3163 1630 3155 1661 3165 1663 3165 1665 3165 1827 3153 1862 3165 1864 3165 1866 3165 1868 3165 1889 3157 1921 3173 1956 3190 1958 3190 1960 3190 2026 3175 2065 3190 2067 3190 2069 3190 2071 3190 2135 3167 2135 3153 2133 3107 2026 3093 2024 3093 2022 3093 1991 3107 1989 3107 1921 3079 1919 3079 1917 3079 1915 3079 1843 3101 1792 3073 1790 3073 1721 3073 1720 3073 1718 3073 1649 3103 1561 3077 1559 3077 1557 3077 1261 3083 1192 3099 1110 3091 1108 3091 1106 3091 1050 3110 1001 3101 999 3101 997 3101 962 3112 921 3126 862 3114 860 3114 859 3114 816 3136 775 3136 739 3114 737 3114 736 3114 734 3114 732 3114 685 3138 462 3142 327 3118 195 3118 199 3208"/></Shape>
	    <String CONTENT="ladédiqallé dp le partiet oio à lmendaatté da lient"
                    HPOS="195"
                    VPOS="3073"
                    WIDTH="1940"
                    HEIGHT="158"
                    WC="0.791315418248083"></String>
          </TextLine>
          <TextLine ID="eSc_line_58cc29cb"
                    TAGREFS="LT326"
                    BASELINE="101 3267 121 3270" 
                    HPOS="91"
                    VPOS="3208"
                    WIDTH="39"
                    HEIGHT="102">
            <Shape><Polygon POINTS="101 3267 91 3304 109 3310 121 3270 130 3214 111 3208 101 3267"/></Shape>
	    <String CONTENT="1"
                    HPOS="91"
                    VPOS="3208"
                    WIDTH="39"
                    HEIGHT="102"
                    WC="0.9993446469306946"></String>
          </TextLine>
          <TextLine ID="eSc_line_0e716de7"
                    TAGREFS="LT326"
                    BASELINE="156 3282 363 3286 753 3269 1173 3222 1294 3216 1679 3218 2108 3233" 
                    HPOS="154"
                    VPOS="3142"
                    WIDTH="1954"
                    HEIGHT="177">
            <Shape><Polygon POINTS="156 3282 156 3319 523 3313 542 3310 614 3292 833 3296 835 3296 837 3296 894 3278 1021 3278 1021 3276 1023 3276 1024 3276 1044 3265 1087 3272 1089 3272 1091 3272 1122 3255 1187 3251 1433 3247 1454 3259 1456 3259 1458 3259 1460 3259 1462 3259 1491 3245 1741 3253 1743 3253 1745 3253 1772 3243 1802 3259 1803 3259 1805 3259 1897 3259 1911 3265 1934 3274 1936 3274 1938 3274 2108 3257 2108 3233 2104 3183 2028 3157 2026 3157 2024 3157 2022 3157 1964 3175 1848 3142 1846 3142 1844 3142 1843 3142 1809 3159 1761 3144 1759 3144 1757 3144 1682 3153 1550 3148 1548 3148 1183 3157 1181 3157 1128 3173 1034 3161 1032 3161 1030 3161 925 3194 900 3187 898 3187 896 3187 745 3220 739 3220 737 3220 708 3208 706 3208 704 3208 702 3208 665 3222 661 3222 655 3222 601 3214 599 3214 597 3214 595 3214 583 3224 581 3226 154 3233 156 3282"/></Shape>
	    <String CONTENT="as l obpie c&#x27;acitée ell l p ehal Pour lir"
                    HPOS="154"
                    VPOS="3142"
                    WIDTH="1954"
                    HEIGHT="177"
                    WC="0.7868850154847633"></String>
          </TextLine>
          <TextLine ID="eSc_line_8a90b401"
                    TAGREFS="LT326"
                    BASELINE="177 3352 294 3366 495 3368 739 3341 896 3333 1075 3308 1261 3298 1802 3296 2137 3308" 
                    HPOS="175"
                    VPOS="3233"
                    WIDTH="1962"
                    HEIGHT="160">
            <Shape><Polygon POINTS="177 3352 177 3393 654 3388 712 3376 722 3374 730 3376 753 3380 755 3380 757 3380 773 3374 823 3352 900 3370 907 3370 909 3370 911 3370 917 3368 982 3347 1009 3360 1011 3360 1013 3360 1015 3360 1110 3333 1200 3339 1202 3339 1204 3339 1231 3325 1495 3329 1497 3329 1733 3317 1772 3339 1774 3339 1776 3339 1778 3339 1780 3339 1784 3339 1862 3315 1981 3331 1997 3333 2032 3351 2034 3351 2036 3351 2137 3325 2137 3308 2135 3265 2098 3249 2096 3249 2094 3249 2007 3251 2005 3251 1969 3267 1850 3239 1848 3239 1704 3249 1663 3233 1661 3233 1659 3233 1657 3233 1604 3247 1577 3233 1575 3233 1573 3233 1456 3243 1183 3239 1181 3239 1116 3243 1114 3243 1048 3270 948 3259 946 3259 833 3284 800 3274 798 3274 796 3274 794 3274 734 3296 724 3298 671 3296 546 3292 544 3292 542 3292 527 3300 521 3304 175 3306 177 3352"/></Shape>
	    <String CONTENT="d cotte ut idie Le paple dares tent qui au a évé"
                    HPOS="175"
                    VPOS="3233"
                    WIDTH="1962"
                    HEIGHT="160"
                    WC="0.8701451513916254"></String>
          </TextLine>
          <TextLine ID="eSc_line_f7151876"
                    TAGREFS="LT326"
                    BASELINE="183 3431 501 3436 903 3405 1036 3386 1206 3378 1714 3376 2159 3397" 
                    HPOS="181"
                    VPOS="3315"
                    WIDTH="1978"
                    HEIGHT="151">
            <Shape><Polygon POINTS="183 3431 183 3448 259 3448 300 3466 302 3466 304 3466 630 3464 632 3464 634 3464 652 3454 743 3456 745 3456 747 3456 786 3436 790 3434 798 3436 859 3448 860 3448 862 3448 901 3434 962 3409 1378 3409 1413 3425 1481 3454 1483 3454 1585 3456 1587 3456 1589 3456 1682 3419 1720 3405 1751 3417 1753 3417 1755 3417 1915 3407 1956 3415 2020 3427 2022 3427 2059 3419 2079 3431 2081 3431 2083 3431 2085 3431 2131 3429 2133 3429 2135 3429 2159 3411 2159 3397 2155 3343 2085 3358 2032 3345 1971 3327 1969 3327 1967 3327 1825 3337 1761 3315 1759 3315 1686 3315 1684 3315 1682 3315 1622 3339 1552 3339 1489 3317 1487 3317 1485 3317 1233 3329 1165 3319 1163 3319 1161 3319 1159 3319 1128 3337 993 3335 991 3335 989 3335 903 3356 825 3339 823 3339 821 3339 755 3364 704 3370 652 3376 181 3378 183 3431"/></Shape>
	    <String CONTENT="vcn fr pontooil doleialte e duu"
                    HPOS="181"
                    VPOS="3315"
                    WIDTH="1978"
                    HEIGHT="151"
                    WC="0.6692640742947978"></String>
          </TextLine>
          <TextLine ID="eSc_line_1f9ebab3"
                    TAGREFS="LT326"
                    BASELINE="1064 3429 1112 3425" 
                    HPOS="1060"
                    VPOS="3391"
                    WIDTH="52"
                    HEIGHT="65">
            <Shape><Polygon POINTS="1064 3429 1064 3456 1112 3456 1112 3425 1106 3391 1060 3399 1064 3429"/></Shape>
	    <String CONTENT="4"
                    HPOS="1060"
                    VPOS="3391"
                    WIDTH="52"
                    HEIGHT="65"
                    WC="0.9999663829803467"></String>
          </TextLine>
          <TextLine ID="eSc_line_e9754187"
                    TAGREFS="LT326"
                    BASELINE="1220 3419 1356 3415" 
                    HPOS="1218"
                    VPOS="3388"
                    WIDTH="138"
                    HEIGHT="66">
            <Shape><Polygon POINTS="1220 3419 1220 3454 1356 3452 1356 3415 1352 3390 1218 3388 1220 3419"/></Shape>
	    <String CONTENT="322"
                    HPOS="1218"
                    VPOS="3388"
                    WIDTH="138"
                    HEIGHT="66"
                    WC="0.9998780091603597"></String>
          </TextLine>
          <TextLine ID="eSc_line_8fb216f4"
                    TAGREFS="LT326"
                    BASELINE="499 3485 550 3485" 
                    HPOS="499"
                    VPOS="3462"
                    WIDTH="51"
                    HEIGHT="47">
            <Shape><Polygon POINTS="499 3485 499 3509 550 3509 550 3485 548 3462 499 3462 499 3485"/></Shape>
	    <String CONTENT="00"
                    HPOS="499"
                    VPOS="3462"
                    WIDTH="51"
                    HEIGHT="47"
                    WC="0.9999712705612183"></String>
          </TextLine>
          <TextLine ID="eSc_line_e12f667c"
                    TAGREFS="LT326"
                    BASELINE="800 3468 888 3466" 
                    HPOS="798"
                    VPOS="3425"
                    WIDTH="90"
                    HEIGHT="82">
            <Shape><Polygon POINTS="800 3468 800 3501 884 3507 888 3466 882 3425 798 3432 800 3468"/></Shape>
	    <String CONTENT="que"
                    HPOS="798"
                    VPOS="3425"
                    WIDTH="90"
                    HEIGHT="82"
                    WC="0.9977804819742838"></String>
          </TextLine>
        </TextBlock>
      </PrintSpace>
    </Page>
  </Layout>
</alto>
