2479 2558
470 35 1835 220 possession et jouissance d'un terrain d'habitaion, ou maison

538 116 1786 173 Situé ala malle aux fongeres au canton de Flacq ; borné

550 228 1795 182 par les terreins des Sieurs Monyent Tarby, Veure Mandement

545 351 1754 159 et du nommé Jason noir libre ; avec les batiments et [[dy]]

411 443 1927 179 dépendance tel que le tout Se poursuit et comporte ensemble

545 542 1762 192 avec onze tetes desclaves cy après denommes Savoir, Leffiaud

548 662 1805 173 de caste mozambiques, Pierrot malgache ; pedre idem antoine

565 770 1781 156 mosambique, Melirod malgache et Francisque mosambisque Sophie

568 859 1778 179 idem Jabrose, mosambique Magdeline idem, Louison malgache

560 987 1798 175 Emilie mosambique ensemble encore toutes le Sont en donation

581 1095 1693 172 Volailles Bestiaux et ustencille d'habitation actuellement

572 1223 1719 169 existant Sur la Dite habitation Sans recevoir ni retenir a

585 1320 1746 170 Lexpedition des meubles et effets qui sont sur le

567 1446 1688 168 dit bien et qui leur appartiennent le quel ils font

555 1560 1774 178 Reserve de faire tran porter a leur Commodite

601 1676 1707 201 Par les noirs cy dessus denommes ladite donnation

589 1819 1834 171 faite a la charge par le Dit Sieur Donnataire de faire

582 1944 1847 137 aux dits sieur et dame dounateurs une pension annuelle

584 2035 1829 219 a Compter de ce jour de la Somme de trois mille livres argent$

589 2160 1817 153 ayant cours dans la Colonie payable de six mois in Six

599 2272 1759 172 mois et ce leur vie durante et Laquelle Continuera d etre
