2642 2479
124 435 537 93 donnation en presence

100 535 592 91 des Sieurs Etienne Broqet

92 626 465 83 et mathurin Naye

109 692 564 82 habitant temoins voisin

97 764 613 91 domicilies Sur le lieux

92 853 592 101 expres requis et qui ont

107 937 564 91 signé avec les parties

105 1003 571 91 et le notaire, a Flacq canton

81 1083 621 90 De lisle de France le six

78 1159 601 87 novembre mil sept cent quatre

88 1228 577 88 vingt Douze apres midy

86 1304 593 95 Signe Valency, Pascaut

82 1388 552 109 Broquet, Naye, lehire

115 1470 558 116 Valeaux, et plus bas Jean

117 1557 519 89 François Armand notaire

219 1633 450 91 sui au de minutes

104 1713 572 63 reste en la possession du

82 1772 634 84 dit notaire estiment a la

77 1849 632 110 Suite et en marge, controllé

694 0 1079 90 le sieur son pere dont

698 16 1784 221 parties des dernies qui en provenaient, de tout quoy le leg

691 206 985 132 quitte et decharge, entierement

989 224 1535 212 au moyen de quoy les dits Sieur et dame [[d]]

692 371 1813 176 donnateur transportant se dessessant de tout ce que dessus

687 497 1764 147 relate en faveur du dit Sieur donnataire, voulant quil y

715 599 1761 173 Soit Saisi er mis en possession par qui et ainsy qu'il

676 686 1814 209 appartiendra Suivant et Conformement a la coutume pour en

619 805 1859 239 jouir faire et disposer a compter de ce jour comme de tout

704 973 790 123 a lui entierement appartenante

960 1031 1464 147 et pour faire insinuer les presentes partant ouis

691 1125 1806 142 sera les parties ont choisi pour procureur le porteur de lexpedition

680 1227 1713 140 auquel donnent pour oin aussy que den requerir acte.

702 1431 1766 114 du Sceau au port Louis Isle de Francee ce 9 7^bre 11792 par Servive

953 1337 1523 115 faite et passe Double suivant ledit [[illsible]]

686 1524 1776 145 qui a manqué recu vingt neuf livres quatorze Sils ainsi Singé Jean François

692 1642 143 101 notaire

1183 1621 1284 382 Enregistre par moy Commis Greffier Juré de

1214 1866 1262 107 la Juridiction Royale de lisle de France soussigne

1173 1957 1288 120 Sur l expedition ainsi Représenté et a linstant rendu

1157 2041 1294 86 apres mention faite sur ycelles du present enregistrement

1140 2100 1302 144 an port Louis isle le vingt un Janvier mil sept cent

1144 2156 648 171 quatre Vingt treize ./.
