2842 2479
690 1 606 89 acte dud^t Mariage.

692 117 2019 184 les parties Donnent tout pouvoir au prteur promettant obligeant

805 13 1910 186 Pour faire intimer et Enregistrer ces présente partout au besoin Leur

699 213 2019 191 Devur Ct fait et passé en Datte Minute rAu Port de l Jsle

716 309 1997 186 de france en la Demeure Susd^e des parties le Vingt sept Decembre

688 418 2013 174 Mil sep Cent Quatrevingt douze et oul Signé la Minute des

708 524 2004 172 Présente Ratifiée le vingt  neuf décembre mil sept cent quatrevingt

680 637 2015 123 douze par servir que a Recu Quarante sols et Demeure a M^r

692 731 1978 258 Durand l'un des notaires Soussignés Dunant et Durand

1464 847 1242 192 Enregistré Mar moi Commis greffier Juré

1380 1019 1333 110 de la Juridction Rnsale de l'Jsle tde France Soussigné

1396 1108 1258 127 sur L'expédition a moi représentéeet a l'Jnstant

1407 1207 1288 112 revüe apres mention faite Sur icelle au présent

1413 1308 376 139 Enregistrement.

545 1379 132 209 122

1525 1355 1176 186 Au Port Louis Jsle de france le Dix

1434 1510 1278 188 huit Janvier mil sept cent quatre vingt treize

638 1640 2073 179 Par devant le notaire Soussigne et le temoin cy e

698 1766 1993 160 après nomme et egalement soussigne, furent presents

501 1850 2216 347 Jean  Louis Valmay major de la garde nationnal du Cart

658 1954 2071 204 de Flacq et d'anne Marie Tomas Lehire son epouse, delui

682 2092 2040 201 dument authorise a l effet de ces presentes, habitant domicilié a
