3500 2479
2230 23 750 227 feuillet cent Sept

855 137 2382 395 Canton de Flacq a lisle de France, paroisse S^t Julien

1167 425 2225 279 Lesquel par lestime et l'amitié qu'ils portent au

898 593 2542 189 Sieur michel pascaut, capitaine de la Compagnie des Creoles libres

895 729 2479 182 garde nationnal du Canton de Flacq, habitans y domicilié ; fils

887 794 2516 241 majeur dedite dame marie Thomas Lehire et defeu Sieur Peloge

871 965 2538 231 Pascaut Son mari en premieres noces. et voulant luy donner

871 1084 2544 360 des preuves ont fait par ces presentes Donnation entre vifs pure

884 1230 2456 342 Simple, irrevocable et en la meilleure forme que donation

878 1402 2458 268 puisse valoir audit Sieur Michel Pascaut ici present et

833 1556 2526 267 Acceptant pour lui ses hoirs et ayant cause de propriété

820 1727 2498 294 possession et jouissance d'un terrain d'habitation ou maison

871 1856 2459 237 Situé ala malle aux fougere au canton de Flacq; borné

870 2003 2488 257 par les terrains des Sieurs monyent Tarby, Veure Mandement

845 2150 2495 236 et du nommé Joson noir libre ; avec le batiment et [[dpd]]

1435 2278 1901 198 tel que le tout Se poursuit et comporte ensemble
