1938 3508
1339 77 595 110 quatre Vinge briziein fauillet

232 169 1700 123 Avre aot Exfants, mon Bien heur eet Lésols de Proit, Ebit Pourquoy

230 263 1698 113 Je me refsr à La Loy sur ce Point feulement Je charge Mon

243 337 1685 128 Excentenrd Testamontase Cy apres nomné de vendre mes meubles

253 401 1677 166 Esélaves &e Autres, Meine Je L'anthorise Expressement à vendre, mais

243 489 1677 187 fur Escherus Publignes Met Diens fmmeuttes Comme Terraint..

267 590 1651 183 Emplacemenst paisens Ey Autres, dintre yy Emmation

261 647 1667 239 Préalablement faites, Rreivoir Le Pur Ef faire Passir Le Ton ae

257 744 1655 228 La maniere qu'il Jngeua laples avantagente à ma femme ef à mes

274 814 1640 248 Enfant, Dans Le Lin de la Rendeme de ma femme Js nomme le

280 935 1640 255 Citoyen Verrig meauisner Eténiste En Cette Jisle Eabantionr Entamentant

241 1017 1679 267 du Present Testament Le Prians de vonloir bien Me donner Citte deumire

282 1106 1632 260 Preuve de Son Amitée Et d'acepter Comme un faible de dommagement

302 1181 1606 265 de Ses bien Punes La Somme de Six mille Livres uue foir Pagér

292 1393 561 170 Monnoye d^e La Coloiie.

553 1321 1336 271 de Put ainsy Pur J dicté Paite Tenateur à nous dᵗ

302 1420 1616 271 Notaire ce ensoité à li Lar ous la de relu quil adit Dien

323 1498 1585 273 Entende a y Persivad en Presence de Citoyent Michel Roussel de Joseph

317 1574 1603 302 Camoin Traiteure En cette Ville Temoins Pour ce Reques et appellés.

337 1668 1577 298 Au Pon de la Morstagne Jile de France En la Chambre Susdisignéé Le

335 1748 1577 298 Qunze Ventose au Trois de la Républigne francaise une Aindivisible

333 1830 1556 300 vut neuf hene de relevé et à le Tistaseur sigse avec les Tismoins

339 1939 1544 265 nous notaire, ces Presentes Delitréer en Brevit a sa requisition, aiany

356 2009 1546 298 qu'il Eisdit En L'osigisal du Present Testament réposé Pour

347 2075 1561 312 Misnute à Durand Par reses du quatre florcal an Trois de la

360 2165 1548 292 Républigne Bancaise Diement Consvollé, le Tous demeuré a durand

348 2235 1572 329 Sun des noteires Soisignes Signé Durand. En maige ca louis sulle

356 2535 109 117 Sesé

485 2510 304 148 four &an. /e

1056 2401 846 202 nregistre Par mai Commés Epeffier Juré

910 2500 989 183 Au Tribapal d'appel de L'Jsle de France,

1436 2553 486 163 ition F Moi Representé

910 2632 478 121 Somsigné sur une Ex

1575 2617 341 121 mension Saite

908 2693 667 152 Et a l'Jninant Rendiie apris

908 2732 883 201 Sur icelletdu Present Enregistrement.

1589 2783 335 126 Jsle de France ce

1007 2857 566 128 An pot de la Montagne

1633 2864 293 98 de La Républiqu

918 2950 164 131 Pirq

1089 2923 525 127 Plorcal, Troisneme année

930 2950 974 195 Fancaise une y indisisible. / deux mot drage

1505 3005 423 167 Surahargé aproisé .

930 3090 536 131 comme nule, le mot Cin¬

1255 3145 193 97 Busson

965 3268 468 93 Lomme de put

467 3307 453 142 fré et Mittenime

807 3357 144 119 Jrgal

953 3318 322 137 eltanied
