2304 3508
380 1 1350 135 Daporutés fais être marié, où Sans aatete

1483 1 629 82 Quatre vingt septieme feuillet

452 103 1705 121 Valablement disposé de leurs Ciens, la ditte Donation Reprendra

448 163 452 102 Touse sa forel.

575 255 1631 101 Pour faire immmer les Resentes du Desoin Sera les Partier

460 341 1536 111 Coussetnent Leur Proeurene le porteur d'éxpedision d'icelles.

1058 481 1051 140 Thregistre Par moi Gnffier du Tribunal

1001 563 1189 111 d'appel de l'Jsle dt France soussigné sur nne

1042 631 1100 117 Epedisien à moi Re pretenté et Rendrce

1052 703 1148 121 Apres Hension faité du Precent Enregistrement

1142 769 1039 129 As Vou et la Moutagne Jile de France

1060 845 1142 127 Le brois Germinal lan Trois de la Repubtiqe

1064 923 1132 160 française un le indivisilite. /. un mot rage mul

1576 1071 256 104 Anftiur

44 1155 2111 176 Jptevine an d Baraevant Les Notaires Publies à Liile et France sousignes

29 1276 2119 148 Deption par Jouph flit Present Citoy en Josept nagna habitant demeurant

251 1440 58 43 de

481 1340 1690 145 Osdenairoment au Carnton d la reviere du rempart Etant ce Jour

60 1475 333 107 Pierre Joeph

475 1490 404 74 En Ar Ville

50 1566 335 110 Jacq^ᵉ. Joseph

744 1488 1441 158 Lequel à dit Aue La Convention nationale dan La Séance

9 1584 2086 168 vant de Jeann touse du Vinge Cing Janvier mil Sese Cesnt Mnatre vinge Lieise d^t

17 1726 226 63 V^e erlande

485 1668 1688 160 Apiès avoir adopte au non de la Nation La fille uiique de michel

460 1748 1682 148 Lepellesier, à declare à Lunainiimité que lavoption, cette Delle

274 1915 39 53 2

460 1808 1715 166 Institation des Romains, faisait d'orenavant Partie ee La legistation

487 1882 1674 174 frangaise Et de fuite La Consention à Chargee Son Comité a

487 2044 1696 156 L'adoption ditermine mais Il n'en Pas Esniore Parvenne de lai

428 2106 1723 183 Mitropols en Coste Colonie Cepsendant Comme Le Pincipé an Es

444 2176 1746 189 Diurété Le Comparant Mre Par les fentiments d'une Vive Tendresse Pour

475 2266 1710 187 Les Citoyene Pierre Josept, et Jacques Josept Enfante

489 2338 1686 189 La Citoyenne Jeanne Laurent V^e Arlanda Eréole à Bdeclaré

471 2430 1696 199 Du il aoopte Pour ses Enfante Les d^e Pierre Joseph Et Jacques

456 2519 1725 188 Josept, bous deux Ses Enfante et de lad^e Jeanne Laurent V^e

415 2603 1750 185 orlandaVonlant Le d^t Comparant qu'ils Portent son nom et

487 2685 1690 203 Poyent Repusét Comme fet enfaus à Compter de ce Jour de

477 2798 1673 189 Partagent Comme Tels Dans Sa Succeiion fauf Grand a

452 2882 1682 187 La forme feulement Le mode qui à eté ou Sera Detissime

452 3061 569 92 Par la Convention.

666 3079 1478 156 Dont acte Regues de Denoye Poie Servir et valoir

452 3248 23 104 1
