2479 2725
614 1 149 48 1ol

1132 1 497 98 Enregestre par me

1137 18 1235 160 Juri du tibinal Sappel Sur une exper

1135 115 1233 131 dudit testament ameur representée et

1137 201 1254 135 ausitot audue après mention du pesu

1232 293 1153 129 Au Sert de la montaigne Jsle de France

1138 370 1015 146 le 27. Geeine au d^e de la R7

2292 416 90 77 ren

1141 504 517 95 et aid^ʳre Dessem

143 817 497 88 15 Ventose. 3^e an

776 802 532 98 Paraevant

1361 723 1036 138 Ceis Louis hissry durand Notaire

136 899 316 71 Repablicaine.

408 832 2007 164 Laaublie à L'Jsle de France foussigné & Les Temains Cy après

139 934 2286 143 destament du Ce Nommés fus Presens Le Citoyen Jean Jacques le irchembach meniibrer

136 1017 2282 148 Lixchembach. Tenisté En Cette ville y cecheurant dan Sune Maison dont il en

619 1103 1810 118 Proprictaire fitué Rif des pamplemousse dans une Chambre

622 1173 1807 133 Basse d la d^e Maison, au Lit Malade de Corpa, Sain Tonte fois

623 1276 1810 137 desprit memoire L Entendement ainsy qu'il Nous et appariu

626 1391 537 121 Par feit descouts.

826 1448 1610 158 Vequel ans La die de la Nou apres avoir Recommande

629 1562 1801 144 soi ané a dicu a fait et nont a oseté son Testament Ainin

610 1692 387 86 qu'il Suit.

779 1713 1650 146 Ledonne E Ségne La Liberté à Gabrielle negripe bengals

567 1824 1825 125 Non Eelave et Je Luy donne En Outre La Somime de Cing

575 1927 1611 122 Mille Llivres Tonnaoie de La Colonie une fois Payee

586 1995 1814 127 Charge mon Aaautenr Testamentaire de faireauxfranet

581 2089 1829 131 Ma fuecussion les de marches necessaire Pour En Atesie La

601 2208 530 114 Confimation Légala.

760 2289 1644 137 se suis Eour de marie Louise Lhotesse qui desoeure à laris,
