2229 3508
481 81 1595 133 Sx rue cidevant entacasteau berdie en planchée et conserté en

1606 31 533 122 quatre vingt denaime foute

477 167 1625 144 Tandeaux, plui une cucisine berdée et couverte de même ainsi quein

477 255 1638 152 onlone et caste malabare nommé Léviillé serent et appartienent

475 339 1594 167 aujour de mon déces au Citoyen Pierre Quillard voilier particutier

477 440 1545 150 male velle pour par lui en jair faire et disposer comme de

479 533 1551 156 chose alur appartenante entoute proprieté à compter du dit jour

485 621 1589 162 le nommant mon légataire unique et universel, vousant reconnate

485 709 1576 169 le suvicer qui me rend de puis longtenes et lea Souir qu'il prent

491 806 1213 135 de ma pectonne notanment dequis ma maladie

493 908 1603 136 Jeveux et entendt enoutre qu'il ne puisse ête inquieté ni troublé

491 1009 1595 125 par qui que ce soit duns la possession des chate qu composesont

495 1097 1576 111 ma Succession le chargeant d'acquitter mes dettes et les frais de

501 1188 1410 106 ma maladie Sauceuire se trouvent après moin dégis.

516 1294 1555 115 Ainnsi alété fait dité nommé par laditte Minette a Donaud

503 1395 1546 93 lun desdit Notaire toussiquer Son confrire present et leclure

497 1473 1593 113 ayant été faite mot a mot le present lestament par deux foir

495 1559 1560 101 différentes elle adeclare le bien entendre quil contient sa libre

508 1654 1506 96 pure et entiere volonté dons laquelle elle pessiste et quille

508 1734 1533 113 entend être exécutée en tont son contee chargeant de

507 1828 1096 105 lexecution d'icelui ledt Cotoyen Guillad

505 1937 1542 117 far et passé en double minutte au Pert de la montagne

489 2030 1468 107 Jsle de France en letude Lan deux de la Republique

528 2120 1494 109 francaise une et indivisible le vingt neuf Messidon en le

524 2206 1548 126 dix sept Juillet mil Sept cent quatre vingt quatoine véeux stite

510 2307 1502 125 neuf heurer du matin et a la ditte da nette testatrice declaré

510 2414 1566 121 ne Suvoir écrire ni Signer de cccnquese Suivant toidonnance

507 2512 1534 126 ainé qu'il est dits aux deux minuttes des presentes dont luine

522 2611 1556 113 est pour être envoise au Bureau cles Chartres et lautre

518 2714 1578 129 controllée, au Poit ile le Montagne Jsle de france ledix neuf

520 2814 1533 117 desdits moir et an par serveee qui arecu quarante bous

522 2897 1461 121 et demeurés en la possession dudit Donand liun eles

522 2999 1545 119 Notaire Soussignés qui a ditoiré la presente ce jour d'hai

536 3087 643 103 Signé Douaur et Léreriel

941 3186 1050 144 Enregistré pau moi Et ienne hiaeutze

306 3256 103 166 6
