<?xml version="1.0" encoding="UTF-8"?>
<alto xmlns:xsi="http://www.w3.org/2001/XMLSchema-instance"
      xmlns="http://www.loc.gov/standards/alto/ns-v4#"
      xsi:schemaLocation="http://www.loc.gov/standards/alto/ns-v4# http://www.loc.gov/standards/alto/v4/alto-4-2.xsd">
  <Description>
    <MeasurementUnit>pixel</MeasurementUnit>
    <sourceImageInformation>
      <fileName>JK11_2.pdf_page_13.png</fileName>
      <fileIdentifier>pdf//JK11_2.pdf</fileIdentifier>
    </sourceImageInformation>
  </Description>
  <Tags>
    <OtherTag ID="BT7" LABEL="CustomZone" DESCRIPTION="block type CustomZone"/><OtherTag ID="BT8" LABEL="DamageZone" DESCRIPTION="block type DamageZone"/><OtherTag ID="BT9" LABEL="DigitizationArtefactZone" DESCRIPTION="block type DigitizationArtefactZone"/><OtherTag ID="BT12" LABEL="MainZone" DESCRIPTION="block type MainZone"/><OtherTag ID="BT13" LABEL="MarginTextZone" DESCRIPTION="block type MarginTextZone"/><OtherTag ID="BT15" LABEL="NumberingZone" DESCRIPTION="block type NumberingZone"/><OtherTag ID="BT17" LABEL="QuireMarksZone" DESCRIPTION="block type QuireMarksZone"/><OtherTag ID="BT376" LABEL="CustomZone:closer" DESCRIPTION="block type CustomZone:closer"/><OtherTag ID="BT377" LABEL="CustomZone:paraph" DESCRIPTION="block type CustomZone:paraph"/><OtherTag ID="BT378" LABEL="NumberingZone:document" DESCRIPTION="block type NumberingZone:document"/><OtherTag ID="BT379" LABEL="NumberingZone:folio" DESCRIPTION="block type NumberingZone:folio"/><OtherTag ID="BT380" LABEL="NumberingZone:page" DESCRIPTION="block type NumberingZone:page"/><OtherTag ID="BT419" LABEL="text" DESCRIPTION="block type text"/>
    <OtherTag ID="LT8" LABEL="DefaultLine" DESCRIPTION="line type DefaultLine"/><OtherTag ID="LT10" LABEL="HeadingLine" DESCRIPTION="line type HeadingLine"/><OtherTag ID="LT11" LABEL="InterlinearLine" DESCRIPTION="line type InterlinearLine"/><OtherTag ID="LT314" LABEL="default" DESCRIPTION="line type default"/>
  </Tags>
  <Layout>
    <Page WIDTH="2479"
          HEIGHT="3475"
          PHYSICAL_IMG_NR="12"
          ID="eSc_dummypage_">
      <PrintSpace HPOS="0"
                  VPOS="0"
                  WIDTH="2479"
                  HEIGHT="3475">
        <TextBlock HPOS="15"
                   VPOS="84"
                   WIDTH="2462"
                   HEIGHT="3389"
                   ID="eSc_textblock_4574bc3a"
                   TAGREFS="BT419">
          <Shape><Polygon POINTS="1417 84 2083 92 2376 146 2430 216 2477 895 2446 1567 2477 1868 2477 2839 2131 2901 2083 2957 2193 3197 2423 3266 2415 3473 378 3473 353 3395 239 3364 345 3312 368 3264 61 3256 30 3233 46 3135 23 3104 115 3011 15 2978 15 2903 291 2872 417 2669 463 2517 1056 2563 1119 2515 1119 2324 1040 2268 617 2214 509 2183 478 2137 563 146 834 92 1417 84"/></Shape>
          <TextLine ID="eSc_line_d3be32d5"
                    TAGREFS="LT314"
                    BASELINE="588 198 1316 158 1693 148 2077 167 2284 216 2388 225" 
                    HPOS="586"
                    VPOS="88"
                    WIDTH="1802"
                    HEIGHT="151">
            <Shape><Polygon POINTS="2336 139 2316 135 2297 131 2278 127 2175 127 2077 90 2071 90 2052 90 2034 90 1955 115 1909 88 1897 88 1878 88 1859 88 1849 88 1751 100 1749 100 1747 100 1726 113 1685 90 1683 90 1681 90 1679 90 1617 108 1579 92 1577 92 1575 92 1401 94 1399 94 1397 94 1364 115 1239 106 1237 106 1235 106 1156 131 1079 131 1030 113 1029 113 1027 113 1025 113 901 146 891 148 882 146 834 139 832 139 830 139 828 139 816 148 812 152 700 152 695 150 669 135 668 135 666 135 664 135 586 150 588 198 588 210 637 237 639 237 640 239 675 239 675 237 677 237 737 208 739 208 743 208 797 220 799 220 801 220 834 208 843 206 876 208 940 214 942 214 944 214 953 208 963 204 978 208 1050 231 1052 231 1054 231 1056 231 1058 231 1088 208 1117 189 1173 183 1254 183 1289 198 1291 198 1293 198 1295 198 1341 179 1588 177 1671 210 1673 210 1675 210 1677 210 1699 210 1857 202 1859 202 1861 202 1901 175 1969 187 1971 187 2044 171 2137 210 2141 212 2143 212 2144 212 2247 210 2388 225 2336 139 2336 139"/></Shape>
	    <String CONTENT="E pour ceceuter leperent montestanant pursemé le commé"
                    HPOS="586"
                    VPOS="88"
                    WIDTH="1802"
                    HEIGHT="151"
                    WC="0.9477897981802622"></String>
          </TextLine>
          <TextLine ID="eSc_line_f9066450"
                    TAGREFS="LT314"
                    BASELINE="575 293 1357 258 1799 256 2042 268 2403 333" 
                    HPOS="573"
                    VPOS="196"
                    WIDTH="1830"
                    HEIGHT="137">
            <Shape><Polygon POINTS="575 293 575 324 635 322 637 322 668 306 818 312 820 312 1025 291 1067 305 1069 305 1071 305 1144 287 1179 295 1181 295 1183 295 1185 295 1187 295 1210 281 1251 281 1343 322 1345 322 1347 322 1349 322 1432 281 1735 281 1805 308 1807 308 1809 308 1855 303 1882 320 1884 320 1886 320 1888 320 2007 291 2060 312 2061 312 2063 312 2065 312 2090 301 2210 320 2212 322 2316 322 2403 333 2401 247 2251 247 2249 247 2210 227 2208 227 2206 227 2141 231 2077 196 2075 196 2019 196 2017 196 2015 196 2013 196 1965 225 1915 222 1868 196 1866 196 1865 196 1697 198 1695 198 1623 222 1575 196 1573 196 1571 196 1498 208 1465 196 1463 196 1368 196 1366 196 1364 196 1363 196 1318 225 1193 202 1191 202 1189 202 1092 247 1044 225 1042 225 1040 225 1038 225 951 247 870 233 868 233 866 233 830 249 689 249 635 223 633 223 631 223 629 223 573 247 575 293"/></Shape>
	    <String CONTENT="Françoie noir indieu libre affrannche de la dette Boutte mant"
                    HPOS="573"
                    VPOS="196"
                    WIDTH="1830"
                    HEIGHT="137"
                    WC="0.9642568474910298"></String>
          </TextLine>
          <TextLine ID="eSc_line_5d304555"
                    TAGREFS="LT314"
                    BASELINE="573 372 1747 366 2216 399 2382 424" 
                    HPOS="571"
                    VPOS="308"
                    WIDTH="1811"
                    HEIGHT="126">
            <Shape><Polygon POINTS="573 372 571 384 708 420 710 420 712 422 907 422 907 420 909 420 990 397 1030 411 1032 411 1034 411 1036 411 1065 401 1098 422 1100 422 1102 422 1104 424 1135 424 1135 422 1137 422 1139 422 1173 401 1185 393 1202 401 1204 401 1206 401 1210 401 1301 391 1324 405 1355 424 1357 424 1359 424 1361 426 1397 426 1397 424 1399 424 1446 409 1488 393 1644 393 1675 415 1683 420 1685 420 1687 420 1689 420 1691 420 1693 420 1700 415 1733 395 1805 395 1884 397 1949 422 1975 430 1977 430 1978 432 2019 432 2019 430 2021 430 2034 424 2073 405 2191 428 2216 432 2218 434 2380 434 2382 424 2382 349 2324 349 2322 347 2282 326 2280 326 2278 326 2148 347 2141 347 2137 347 2069 314 2067 314 2065 314 2063 314 2007 335 1973 318 1971 318 1969 318 1967 318 1965 318 1934 339 1905 339 1838 312 1836 312 1675 312 1673 312 1671 312 1637 330 1592 310 1590 310 1588 310 1473 332 1405 308 1403 308 1401 308 1399 308 1343 330 1270 308 1268 308 1266 308 1264 308 1214 326 1150 318 1148 318 1146 318 1108 335 1058 314 1056 314 1054 314 1052 314 986 337 984 337 949 326 947 326 946 326 944 326 903 337 805 337 675 337 671 335 621 324 619 324 573 333 573 372"/></Shape>
	    <String CONTENT="an que je qui deu pandre lapeur. Cefut ainsi fait et dicté"
                    HPOS="571"
                    VPOS="308"
                    WIDTH="1811"
                    HEIGHT="126"
                    WC="0.9713824062511839"></String>
          </TextLine>
          <TextLine ID="eSc_line_50cb9382"
                    TAGREFS="LT314"
                    BASELINE="573 461 1783 467 2081 488 2282 511 2392 534" 
                    HPOS="571"
                    VPOS="397"
                    WIDTH="1821"
                    HEIGHT="137">
            <Shape><Polygon POINTS="571 474 679 490 681 490 768 484 807 507 808 507 810 507 890 509 891 509 893 509 940 490 988 488 1114 480 1133 492 1164 511 1166 511 1168 511 1169 511 1295 509 1297 509 1324 498 1334 494 1347 498 1399 515 1401 515 1403 515 1405 515 1436 501 1471 484 1872 486 1924 511 1926 511 1928 511 1996 496 2121 521 2144 525 2343 527 2392 534 2392 445 2278 445 2276 444 2256 430 2255 430 2253 430 2251 430 2119 438 2087 415 2085 415 2083 415 2081 415 1992 436 1975 440 1965 436 1926 415 1924 415 1863 413 1861 413 1859 413 1826 426 1793 415 1791 415 1789 415 1787 415 1743 426 1710 411 1708 411 1639 409 1426 407 1424 407 1422 407 1392 420 1384 422 1378 418 1364 413 1363 413 1361 413 1359 413 1347 418 1324 432 1224 432 1187 415 1162 403 1160 403 1158 403 1156 403 1133 413 1115 418 1096 411 1079 405 1077 405 1075 405 1073 405 1056 411 1050 413 1048 411 1036 401 1034 401 1032 401 1030 401 1029 401 1007 409 961 426 704 424 669 407 668 407 666 407 664 407 615 422 577 397 573 461 571 474"/></Shape>
	    <String CONTENT="mot a mot par ledit Pompre a Jenn Belin notaire Publie doni"
                    HPOS="571"
                    VPOS="397"
                    WIDTH="1821"
                    HEIGHT="137"
                    WC="0.9728269162824599"></String>
          </TextLine>
          <TextLine ID="eSc_line_828746a0"
                    TAGREFS="LT314"
                    BASELINE="567 550 1457 579 1911 579 2183 606 2411 652" 
                    HPOS="565"
                    VPOS="490"
                    WIDTH="1848"
                    HEIGHT="166">
            <Shape><Polygon POINTS="567 550 565 567 610 584 612 584 613 584 615 584 650 571 652 571 654 573 677 588 679 588 681 588 683 588 774 579 801 575 808 579 824 590 826 590 828 590 830 590 866 584 882 596 884 596 886 596 974 600 976 600 1034 590 1100 579 1158 596 1160 596 1162 596 1164 596 1212 586 1305 604 1372 615 1374 615 1376 615 1403 608 1434 600 1490 611 1492 611 1592 594 2011 608 2034 619 2036 619 2038 619 2040 619 2060 611 2181 631 2183 631 2185 631 2206 625 2289 650 2291 650 2409 656 2411 652 2413 577 2343 577 2341 575 2266 542 2264 542 2119 536 2117 536 2116 536 2092 548 2073 534 2071 534 2069 534 1824 525 1822 525 1820 525 1776 544 1650 528 1648 528 1567 540 1531 544 1245 530 1214 525 1079 500 1077 500 1075 500 1034 515 1017 523 739 509 718 501 677 490 675 490 673 490 671 490 654 500 639 507 615 498 602 492 600 492 598 492 567 494 567 550"/></Shape>
	    <String CONTENT="etresident ruu de la Corderie et presence et assisté de Clandi Pallun"
                    HPOS="565"
                    VPOS="490"
                    WIDTH="1848"
                    HEIGHT="166"
                    WC="0.986112660255985"></String>
          </TextLine>
          <TextLine ID="eSc_line_a8b98108"
                    TAGREFS="LT314"
                    BASELINE="569 640 1023 664 1967 685 2239 708 2446 747" 
                    HPOS="567"
                    VPOS="583"
                    WIDTH="1881"
                    HEIGHT="164">
            <Shape><Polygon POINTS="569 640 567 656 594 671 596 671 598 671 662 660 718 671 720 671 778 667 837 685 839 685 841 685 843 685 893 671 994 691 996 691 1158 683 1220 681 1264 683 1272 689 1293 704 1295 704 1297 704 1299 704 1301 704 1337 695 1453 710 1455 710 1507 700 1544 695 1662 695 1706 710 1708 710 1710 710 1714 710 1870 704 1961 706 2011 725 2029 731 2031 731 2033 731 2069 727 2141 722 2172 733 2181 737 2183 737 2185 737 2214 735 2268 731 2423 745 2446 747 2448 675 2365 671 2345 656 2343 656 2341 656 2339 656 2241 666 2237 666 2183 637 2181 637 2179 637 2177 637 2116 660 2075 635 2073 635 2071 635 2069 635 2067 635 2021 646 1977 629 1975 629 1973 629 1971 629 1948 639 1843 625 1841 625 1727 644 1714 646 1693 644 1538 619 1536 619 1469 635 1457 637 1449 633 1403 613 1401 613 1399 613 1326 629 1312 631 1301 627 1243 606 1241 606 1239 606 1115 617 1019 598 1017 598 1015 598 957 613 955 613 953 613 930 600 928 600 926 600 861 602 830 586 828 586 826 586 824 586 797 594 673 583 671 583 669 583 642 592 623 583 621 583 619 583 617 583 569 596 569 640"/></Shape>
	    <String CONTENT="et dabia han arlanda tout lesdeuy temoins demeurant separine"
                    HPOS="567"
                    VPOS="583"
                    WIDTH="1881"
                    HEIGHT="164"
                    WC="0.9750418494145076"></String>
          </TextLine>
          <TextLine ID="eSc_line_d90fe9c8"
                    TAGREFS="LT314"
                    BASELINE="561 723 745 729 988 750 2102 785 2440 824" 
                    HPOS="559"
                    VPOS="671"
                    WIDTH="1881"
                    HEIGHT="176">
            <Shape><Polygon POINTS="561 723 559 743 716 750 718 752 799 781 801 781 851 783 853 783 855 783 857 783 891 762 899 762 996 778 998 778 1077 772 1123 770 1141 776 1195 797 1197 797 1247 799 1249 799 1251 799 1289 783 1312 776 1345 787 1393 805 1395 805 1571 812 1573 812 1617 803 1660 793 1762 793 1861 806 1863 806 1930 803 1963 822 1971 828 1973 828 1975 828 1977 828 1978 828 1988 824 2027 805 2098 805 2160 834 2168 835 2170 835 2172 835 2210 835 2328 834 2436 847 2440 824 2440 770 2374 743 2372 743 2370 743 2280 762 2231 747 2229 747 2228 747 2133 754 2110 756 2094 752 2007 727 2005 727 2004 727 1820 733 1766 718 1764 718 1762 718 1760 718 1731 729 1712 722 1710 722 1708 722 1706 722 1704 722 1691 731 1675 739 1571 737 1500 733 1478 720 1476 718 1475 718 1473 718 1471 718 1469 718 1465 720 1434 729 1417 716 1411 712 1409 712 1407 712 1405 712 1403 712 1393 716 1372 723 1142 720 1106 700 1096 695 1094 695 1023 691 1021 691 1019 691 1009 695 988 704 932 691 922 689 920 689 919 689 917 689 878 706 826 706 785 683 781 679 779 679 778 679 776 679 774 679 768 681 756 687 561 671 561 723"/></Shape>
	    <String CONTENT="audt Camp malobar exprès requer par ledie Sormpér auquel le"
                    HPOS="559"
                    VPOS="671"
                    WIDTH="1881"
                    HEIGHT="176"
                    WC="0.9889359312542414"></String>
          </TextLine>
          <TextLine ID="eSc_line_a51456ae"
                    TAGREFS="LT314"
                    BASELINE="559 824 789 830 1141 853 1787 868 2330 907 2446 930" 
                    HPOS="557"
                    VPOS="779"
                    WIDTH="1891"
                    HEIGHT="161">
            <Shape><Polygon POINTS="559 824 557 847 704 839 758 859 760 859 762 859 922 855 990 870 992 870 994 870 996 870 1040 859 1110 876 1112 876 1114 876 1115 876 1220 866 1446 891 1448 891 1594 882 1621 893 1623 893 1625 893 1714 888 1751 905 1753 905 1754 905 1756 905 1795 891 1876 913 1878 913 1880 913 1944 899 2036 901 2444 940 2446 930 2448 857 2386 866 2349 853 2332 845 2330 845 2328 845 2326 845 2312 851 2307 853 2301 851 2284 841 2282 841 2280 841 2222 847 2218 847 2208 847 2090 832 2089 832 2087 832 2060 841 2027 853 1971 853 1924 835 1886 824 1884 824 1768 816 1766 816 1716 828 1699 834 1583 834 1559 822 1517 805 1515 805 1513 805 1442 818 1428 820 1420 816 1395 806 1393 806 1392 806 1390 806 1370 814 1359 820 1347 814 1310 795 1309 795 1307 795 1197 808 1162 812 1127 806 1071 795 1069 795 1067 795 1042 803 1034 805 926 803 917 799 863 779 861 779 859 779 857 779 814 795 810 795 783 793 652 779 650 779 559 783 559 824"/></Shape>
	    <String CONTENT="pesent son testament a eté lu et relu un mot apris lantre a deu las"
                    HPOS="557"
                    VPOS="779"
                    WIDTH="1891"
                    HEIGHT="161"
                    WC="0.9636010331894035"></String>
          </TextLine>
          <TextLine ID="eSc_line_dd86e4d1"
                    TAGREFS="LT314"
                    BASELINE="561 911 849 918 1148 942 1714 961 2243 998 2436 1021" 
                    HPOS="559"
                    VPOS="841"
                    WIDTH="1879"
                    HEIGHT="205">
            <Shape><Polygon POINTS="561 911 559 918 594 936 596 936 598 936 652 926 805 945 807 945 849 938 866 936 874 940 915 963 917 963 1117 974 1119 974 1179 961 1183 961 1326 961 1374 974 1407 984 1409 984 1411 984 1413 984 1424 978 1436 973 1459 980 1476 986 1478 986 1480 986 1546 986 1785 984 1859 1007 1865 1009 1866 1009 1868 1009 1870 1009 1872 1009 1909 994 2189 1017 2191 1017 2193 1017 2214 1009 2289 1036 2291 1036 2293 1036 2355 1032 2432 1046 2436 1021 2438 949 2322 934 2320 934 2318 934 2293 942 2274 947 2253 940 2239 934 2237 934 2235 934 2214 938 2156 947 2123 932 2108 926 2106 926 2104 926 2073 930 2029 936 1938 922 1924 922 1922 922 1919 922 1870 932 1828 918 1818 915 1816 915 1814 915 1812 915 1809 917 1797 922 1785 917 1762 903 1760 903 1758 903 1756 903 1729 913 1702 922 1668 909 1633 897 1631 897 1629 897 1488 897 1444 886 1442 886 1440 886 1366 895 1328 899 1301 891 1295 889 1293 889 1291 889 1254 889 1092 889 1073 880 1048 866 1046 866 1044 866 1002 876 974 882 878 880 859 868 828 853 826 853 824 853 698 859 627 841 625 841 623 841 563 853 561 911"/></Shape>
	    <String CONTENT="bien tentendr qu&#x27;il y pertiste et neut icclui être executé aussitôi von"
                    HPOS="559"
                    VPOS="841"
                    WIDTH="1879"
                    HEIGHT="205"
                    WC="0.9798053226000826"></String>
          </TextLine>
          <TextLine ID="eSc_line_6e4ec14c"
                    TAGREFS="LT314"
                    BASELINE="552 996 696 1000 986 1027 1969 1069 2212 1086 2451 1119" 
                    HPOS="550"
                    VPOS="938"
                    WIDTH="1903"
                    HEIGHT="201">
            <Shape><Polygon POINTS="552 996 550 1017 716 1019 735 1030 774 1050 776 1050 976 1061 978 1061 1052 1050 1083 1046 1102 1054 1108 1056 1110 1056 1112 1056 1139 1056 1247 1054 1276 1065 1283 1067 1285 1067 1287 1067 1309 1067 1422 1059 1455 1071 1457 1071 1459 1071 1600 1067 1648 1083 1650 1083 1652 1083 1702 1073 1780 1090 1782 1090 2004 1088 2092 1106 2094 1106 2187 1098 2224 1123 2226 1123 2228 1123 2229 1123 2293 1115 2448 1139 2451 1119 2453 1067 2301 1059 2295 1056 2270 1038 2268 1038 2266 1038 2264 1038 2172 1048 2137 1050 2121 1044 2054 1015 2052 1015 1903 1013 1901 1013 1899 1013 1857 1027 1832 1032 1791 1021 1722 1001 1720 1001 1718 1001 1716 1001 1689 1015 1687 1015 1540 1019 1478 1000 1476 1000 1475 1000 1473 1000 1471 1000 1444 1011 1417 1001 1415 1001 1413 1001 1339 1007 1297 988 1270 974 1268 974 1266 974 1264 974 1233 982 1212 973 1210 973 1208 973 1206 973 1185 980 1135 998 1098 998 1025 994 955 965 946 961 944 961 799 949 797 949 776 951 743 957 554 938 552 996"/></Shape>
	    <String CONTENT="dcis Selon sa fonne e teneur comme contenant lalibie et dernuere"
                    HPOS="550"
                    VPOS="938"
                    WIDTH="1903"
                    HEIGHT="201"
                    WC="0.97465078253299"></String>
          </TextLine>
          <TextLine ID="eSc_line_1633ae76"
                    TAGREFS="LT314"
                    BASELINE="550 1094 1278 1123 2424 1196" 
                    HPOS="548"
                    VPOS="1040"
                    WIDTH="1878"
                    HEIGHT="182">
            <Shape><Polygon POINTS="550 1094 548 1104 598 1121 600 1121 602 1121 725 1117 868 1137 870 1137 957 1131 959 1131 986 1142 988 1142 990 1142 992 1142 1011 1133 1017 1131 1025 1135 1046 1146 1048 1146 1169 1154 1171 1154 1281 1150 1370 1148 1420 1160 1473 1171 1475 1171 1523 1166 1573 1160 1643 1173 1683 1181 1685 1181 1704 1177 1739 1169 1841 1173 1861 1187 1863 1187 1865 1187 1866 1187 1868 1187 1942 1183 2007 1196 2048 1204 2050 1204 2077 1200 2133 1193 2181 1204 2183 1204 2185 1204 2278 1200 2421 1222 2424 1196 2426 1156 2384 1137 2382 1137 2380 1137 2378 1137 2349 1144 2287 1125 2285 1125 2154 1117 2152 1117 2150 1117 2104 1137 2063 1137 2061 1135 2029 1112 2027 1112 2025 1112 2023 1112 2021 1112 1984 1127 1917 1127 1884 1127 1882 1125 1818 1098 1816 1098 1612 1090 1610 1090 1608 1090 1565 1106 1505 1081 1504 1081 1502 1081 1444 1092 1334 1075 1332 1075 1330 1075 1276 1090 1272 1090 1073 1081 1069 1079 1032 1057 1030 1057 1029 1057 1027 1057 990 1073 855 1067 754 1040 752 1040 751 1040 749 1040 698 1057 696 1057 695 1057 644 1042 642 1042 640 1042 550 1048 550 1094"/></Shape>
	    <String CONTENT="volonté declarant revoquer tour les autres testaments et codiciles"
                    HPOS="548"
                    VPOS="1040"
                    WIDTH="1878"
                    HEIGHT="182"
                    WC="0.9798541773449291"></String>
          </TextLine>
          <TextLine ID="eSc_line_e5044ed6"
                    TAGREFS="LT314"
                    BASELINE="544 1171 2195 1270" 
                    HPOS="540"
                    VPOS="1112"
                    WIDTH="1655"
                    HEIGHT="181">
            <Shape><Polygon POINTS="544 1171 540 1206 671 1216 673 1216 687 1214 766 1202 890 1225 928 1231 930 1231 932 1231 944 1227 969 1218 1009 1229 1011 1229 1013 1229 1015 1229 1058 1220 1166 1225 1183 1239 1185 1239 1187 1239 1189 1239 1191 1239 1218 1229 1237 1243 1249 1251 1251 1251 1253 1251 1254 1251 1322 1247 1355 1245 1370 1249 1390 1254 1392 1254 1393 1254 1395 1254 1411 1251 1444 1243 1504 1245 1523 1256 1540 1268 1542 1268 1544 1268 1546 1268 1598 1260 1641 1254 1693 1266 1770 1281 1772 1281 1859 1274 1899 1270 1919 1276 1961 1293 1963 1293 1965 1293 2193 1289 2195 1270 2195 1227 2100 1220 2067 1195 2065 1195 2063 1195 2061 1195 1982 1208 1955 1189 1953 1189 1951 1189 1855 1183 1853 1183 1851 1183 1816 1195 1762 1181 1760 1181 1758 1181 1756 1181 1735 1193 1708 1173 1706 1173 1704 1173 1646 1169 1644 1169 1643 1169 1587 1183 1581 1185 1573 1183 1515 1162 1513 1162 1511 1162 1451 1175 1419 1181 1359 1167 1280 1150 1278 1150 1276 1150 1254 1160 1249 1166 1129 1166 1044 1160 1015 1144 990 1131 988 1131 986 1131 949 1139 899 1150 814 1146 793 1129 785 1121 783 1121 781 1121 779 1121 778 1121 758 1125 708 1139 671 1119 656 1112 654 1112 546 1112 544 1171"/></Shape>
	    <String CONTENT="qui pert avoir fait avant le present auque Srcul il carnete."
                    HPOS="540"
                    VPOS="1112"
                    WIDTH="1655"
                    HEIGHT="181"
                    WC="0.9879640827576319"></String>
          </TextLine>
          <TextLine ID="eSc_line_b56325f7"
                    TAGREFS="LT314"
                    BASELINE="534 1266 1106 1295 1921 1361 2438 1390" 
                    HPOS="530"
                    VPOS="1204"
                    WIDTH="1908"
                    HEIGHT="216">
            <Shape><Polygon POINTS="534 1266 530 1299 776 1316 778 1316 779 1316 783 1314 816 1303 886 1303 947 1316 949 1316 1088 1316 1141 1334 1142 1334 1144 1334 1258 1328 1305 1345 1318 1351 1320 1351 1322 1351 1349 1349 1430 1339 1548 1357 1550 1357 1596 1351 1633 1366 1658 1376 1660 1376 1662 1376 1764 1374 1774 1374 1778 1374 1820 1386 1822 1386 1824 1386 1826 1386 1853 1378 1880 1372 1934 1384 1982 1393 1984 1393 1986 1393 2005 1388 2027 1382 2073 1391 2108 1399 2110 1399 2156 1397 2220 1393 2256 1403 2318 1420 2320 1420 2322 1420 2436 1413 2438 1390 2438 1351 2341 1345 2339 1343 2284 1318 2282 1318 2218 1316 2216 1316 2214 1316 2181 1330 2154 1312 2152 1312 2150 1312 2148 1312 2146 1312 2119 1324 2100 1312 2098 1312 2096 1312 2094 1312 2033 1322 2031 1322 2023 1322 1855 1289 1741 1281 1739 1281 1683 1293 1627 1274 1625 1274 1548 1270 1546 1270 1544 1270 1513 1281 1469 1266 1467 1266 1465 1266 1355 1276 1343 1276 1339 1274 1305 1260 1303 1260 1301 1260 1256 1266 1229 1249 1227 1249 1225 1249 1224 1249 1160 1251 1142 1241 1141 1241 1139 1241 1137 1241 1135 1241 1075 1256 1071 1256 971 1252 749 1237 743 1233 712 1220 710 1220 708 1220 666 1227 658 1229 652 1227 600 1204 598 1204 596 1204 536 1218 534 1266"/></Shape>
	    <String CONTENT="feui et possé enune Sule munutte a la requisition deudie Pompée"
                    HPOS="530"
                    VPOS="1204"
                    WIDTH="1908"
                    HEIGHT="216"
                    WC="0.9709989939417157"></String>
          </TextLine>
          <TextLine ID="eSc_line_5b7f6a0d"
                    TAGREFS="LT314"
                    BASELINE="532 1351 1446 1417 1770 1430 1934 1447 2444 1471" 
                    HPOS="530"
                    VPOS="1306"
                    WIDTH="1914"
                    HEIGHT="197">
            <Shape><Polygon POINTS="532 1351 530 1376 1297 1418 1378 1434 1395 1436 1397 1436 1405 1436 1442 1430 1498 1442 1511 1444 1513 1444 1521 1444 1561 1438 1861 1467 1899 1469 1921 1471 2110 1471 2438 1503 2444 1471 2444 1436 2372 1432 2370 1430 2320 1411 2318 1411 2316 1411 2314 1411 2280 1424 2278 1424 2183 1420 2179 1418 2119 1397 2117 1397 2116 1397 2046 1409 2044 1409 2042 1409 1975 1386 1973 1386 1971 1386 1907 1395 1884 1380 1882 1380 1880 1380 1878 1380 1789 1384 1733 1370 1731 1370 1729 1370 1727 1370 1704 1380 1644 1364 1643 1364 1641 1364 1507 1374 1500 1374 1492 1374 1405 1357 1403 1357 1245 1357 1224 1357 1220 1357 1175 1335 1173 1335 1171 1335 1169 1335 1141 1349 1102 1330 1100 1330 924 1318 922 1318 878 1326 801 1310 799 1310 797 1310 762 1324 737 1308 735 1308 733 1308 731 1308 729 1308 702 1320 669 1306 668 1306 666 1306 532 1310 532 1351"/></Shape>
	    <String CONTENT="acsté de son lis Sis dons une ceté etant dans le miluie dle von"
                    HPOS="530"
                    VPOS="1306"
                    WIDTH="1914"
                    HEIGHT="197"
                    WC="0.9725027822312855"></String>
          </TextLine>
          <TextLine ID="eSc_line_1ceb344d"
                    TAGREFS="LT314"
                    BASELINE="534 1442 1330 1500 2395 1557" 
                    HPOS="532"
                    VPOS="1395"
                    WIDTH="1863"
                    HEIGHT="193">
            <Shape><Polygon POINTS="534 1442 532 1461 650 1486 720 1490 722 1490 724 1490 772 1476 774 1476 776 1476 820 1496 822 1496 934 1503 936 1503 1040 1494 1063 1505 1065 1505 1067 1505 1069 1505 1090 1496 1092 1496 1098 1496 1200 1519 1202 1519 1249 1513 1337 1527 1339 1527 1403 1515 1409 1515 1561 1523 1563 1525 1610 1544 1612 1544 1614 1544 1615 1544 1654 1534 1787 1540 1820 1557 1822 1557 1824 1557 1880 1544 1884 1544 1890 1544 1944 1557 1946 1557 2002 1552 2009 1552 2013 1552 2071 1573 2073 1573 2075 1573 2193 1569 2328 1588 2330 1588 2394 1575 2395 1557 2395 1523 2332 1498 2330 1498 2222 1492 2220 1492 2218 1492 2173 1509 2172 1509 2129 1507 2129 1505 2094 1484 2092 1484 2090 1484 2013 1478 2011 1478 1928 1494 1907 1484 1905 1484 1903 1484 1778 1484 1776 1484 1760 1473 1758 1473 1756 1473 1754 1473 1673 1478 1668 1478 1664 1478 1590 1461 1588 1461 1542 1471 1540 1471 1498 1447 1496 1447 1494 1447 1417 1463 1376 1442 1374 1442 1372 1442 1258 1453 1254 1453 1224 1438 1222 1438 1220 1438 1162 1444 1127 1430 1125 1430 1123 1430 1069 1440 1034 1426 1032 1426 1030 1426 942 1434 940 1434 876 1409 874 1409 872 1409 781 1415 720 1399 718 1399 617 1395 615 1395 534 1409 534 1442"/></Shape>
	    <String CONTENT="entourage et cyant vue et entrée dans la cour, ou ledit notatre"
                    HPOS="532"
                    VPOS="1395"
                    WIDTH="1863"
                    HEIGHT="193"
                    WC="0.9723994022323972"></String>
          </TextLine>
          <TextLine ID="eSc_line_bbb9d31c"
                    TAGREFS="LT314"
                    BASELINE="527 1523 807 1538 1027 1563 2025 1639 2411 1654" 
                    HPOS="525"
                    VPOS="1474"
                    WIDTH="1886"
                    HEIGHT="221">
            <Shape><Polygon POINTS="527 1523 525 1542 646 1550 654 1554 737 1573 739 1573 741 1573 776 1563 888 1573 946 1600 947 1600 949 1600 1021 1594 1218 1619 1220 1619 1343 1608 1374 1631 1376 1631 1378 1631 1434 1635 1436 1635 1438 1635 1498 1619 1542 1619 1594 1619 1602 1623 1631 1637 1633 1637 1863 1646 1895 1664 1897 1664 1899 1664 1901 1664 1949 1648 1957 1646 2025 1650 2036 1654 2110 1677 2112 1677 2114 1677 2168 1675 2272 1695 2274 1695 2276 1695 2312 1675 2316 1673 2405 1681 2411 1654 2411 1612 2332 1612 2295 1602 2226 1588 2224 1588 2222 1588 2195 1596 2183 1598 2172 1594 2143 1583 2141 1583 2007 1573 2005 1573 1942 1579 1884 1583 1828 1571 1764 1556 1762 1556 1760 1556 1743 1563 1729 1571 1660 1569 1621 1556 1577 1542 1575 1542 1573 1542 1571 1542 1546 1550 1523 1557 1417 1552 1384 1538 1353 1529 1351 1529 1349 1529 1347 1529 1328 1534 1309 1542 1173 1534 1115 1521 1036 1503 1034 1503 1032 1503 1003 1513 994 1515 822 1509 801 1498 768 1484 766 1484 764 1484 658 1488 654 1488 652 1488 635 1474 633 1474 631 1474 629 1474 529 1478 527 1523"/></Shape>
	    <String CONTENT="et les temoins se sont expèr transporté au Pit dle la montagne"
                    HPOS="525"
                    VPOS="1474"
                    WIDTH="1886"
                    HEIGHT="221"
                    WC="0.9691768500112719"></String>
          </TextLine>
          <TextLine ID="eSc_line_1f53bf42"
                    TAGREFS="LT314"
                    BASELINE="517 1617 876 1637 1212 1673 1967 1729 2438 1733" 
                    HPOS="515"
                    VPOS="1567"
                    WIDTH="1923"
                    HEIGHT="205">
            <Shape><Polygon POINTS="517 1617 515 1644 627 1648 633 1652 662 1671 664 1671 666 1671 668 1671 739 1658 766 1654 890 1660 905 1668 938 1683 940 1683 942 1683 944 1683 973 1671 980 1669 1094 1673 1125 1681 1218 1700 1220 1700 1276 1691 1293 1687 1309 1691 1363 1712 1364 1712 1366 1712 1449 1712 1488 1729 1490 1729 1492 1729 1606 1727 1644 1739 1646 1739 1878 1743 1934 1756 1936 1756 1938 1756 1967 1747 2034 1760 2036 1760 2092 1751 2179 1772 2181 1772 2183 1772 2185 1772 2214 1760 2295 1766 2297 1766 2299 1766 2336 1751 2339 1751 2434 1756 2438 1733 2436 1696 2341 1677 2339 1677 2338 1677 2303 1687 2264 1696 1938 1679 1913 1660 1899 1650 1897 1650 1895 1650 1894 1650 1892 1650 1870 1658 1847 1668 1745 1668 1677 1644 1670 1642 1668 1642 1523 1627 1521 1627 1496 1633 1453 1642 1380 1625 1366 1621 1364 1621 1363 1621 1361 1621 1357 1623 1316 1639 1289 1625 1287 1625 1285 1625 1208 1633 1160 1631 1114 1608 1112 1608 1110 1608 1108 1608 1083 1617 1050 1602 1040 1598 1038 1598 1036 1598 1034 1598 1027 1600 990 1615 936 1594 924 1590 922 1590 920 1590 899 1592 793 1604 727 1581 722 1579 720 1579 519 1567 517 1617"/></Shape>
	    <String CONTENT="Ile de France lan troisieme de la Republique française une et"
                    HPOS="515"
                    VPOS="1567"
                    WIDTH="1923"
                    HEIGHT="205"
                    WC="0.9728022149351777"></String>
          </TextLine>
          <TextLine ID="eSc_line_6a21db3a"
                    TAGREFS="LT314"
                    BASELINE="513 1704 764 1720 1741 1816 2426 1834" 
                    HPOS="509"
                    VPOS="1652"
                    WIDTH="1917"
                    HEIGHT="228">
            <Shape><Polygon POINTS="513 1704 509 1735 671 1737 720 1751 756 1760 758 1760 760 1760 762 1760 776 1754 791 1749 839 1758 934 1779 936 1779 1032 1772 1075 1770 1102 1778 1168 1797 1169 1797 1309 1807 1310 1807 1312 1807 1345 1797 1434 1816 1436 1816 1588 1816 1610 1828 1612 1828 1614 1828 1797 1834 1818 1845 1820 1845 1822 1845 1882 1832 1894 1830 1903 1834 1922 1841 1924 1841 1926 1843 2027 1843 2054 1857 2056 1857 2058 1857 2231 1857 2256 1857 2260 1859 2289 1880 2291 1880 2293 1880 2295 1880 2297 1880 2351 1864 2355 1864 2421 1868 2426 1834 2424 1791 2312 1803 2266 1779 2264 1779 2253 1778 2216 1776 2214 1776 2212 1776 2164 1797 2061 1768 2060 1768 2058 1768 2056 1768 2011 1783 1959 1766 1957 1766 1955 1766 1953 1766 1921 1774 1903 1760 1901 1760 1899 1760 1897 1760 1722 1766 1448 1747 1403 1718 1401 1718 1399 1718 1397 1718 1395 1718 1359 1733 1307 1708 1305 1708 1303 1708 1301 1708 1297 1708 1202 1727 1127 1710 922 1706 866 1677 863 1675 861 1675 515 1652 513 1704"/></Shape>
	    <String CONTENT="indivisible le ouze eentose Sept heures du matin e a ledie Pompe"
                    HPOS="509"
                    VPOS="1652"
                    WIDTH="1917"
                    HEIGHT="228"
                    WC="0.9536796719767153"></String>
          </TextLine>
          <TextLine ID="eSc_line_b0677c02"
                    TAGREFS="LT314"
                    BASELINE="517 1787 1915 1918 2448 1930" 
                    HPOS="513"
                    VPOS="1729"
                    WIDTH="1935"
                    HEIGHT="242">
            <Shape><Polygon POINTS="517 1787 513 1828 685 1843 687 1843 689 1843 695 1841 754 1826 878 1837 915 1855 917 1855 919 1855 1003 1847 1085 1870 1117 1880 1119 1880 1121 1880 1216 1880 1363 1880 1417 1895 1459 1907 1461 1907 1646 1911 1756 1913 1776 1920 1810 1934 1812 1934 1814 1934 1816 1934 1838 1926 1841 1924 1905 1928 1913 1930 2031 1957 2191 1971 2193 1971 2195 1971 2251 1955 2256 1955 2444 1969 2448 1930 2448 1888 2361 1880 2359 1880 2357 1880 2316 1893 2289 1876 2287 1876 2285 1876 2284 1876 2282 1876 2260 1882 2226 1868 2224 1868 2222 1868 2220 1868 2218 1868 2216 1868 2166 1886 2123 1862 2121 1862 2119 1862 1955 1870 1762 1855 1741 1837 1739 1837 1737 1837 1735 1837 1656 1845 1546 1837 1519 1822 1517 1822 1515 1822 1405 1824 1349 1799 1336 1793 1334 1793 1332 1793 1310 1795 1224 1808 1185 1807 1142 1781 1129 1776 1127 1776 1036 1768 1034 1768 1032 1768 1017 1772 1000 1778 984 1770 971 1762 969 1762 967 1762 965 1762 951 1768 944 1770 895 1762 830 1752 828 1752 801 1754 725 1764 658 1743 631 1735 629 1735 627 1735 625 1735 623 1735 615 1741 612 1743 604 1739 581 1729 579 1729 577 1729 521 1731 517 1787"/></Shape>
	    <String CONTENT="Sogné rauce lesdets témoins et les notaires la minutte dles preseutes"
                    HPOS="513"
                    VPOS="1729"
                    WIDTH="1935"
                    HEIGHT="242"
                    WC="0.9726052474284518"></String>
          </TextLine>
          <TextLine ID="eSc_line_07234311"
                    TAGREFS="LT314"
                    BASELINE="513 1872 818 1913 1121 1934 1820 2017 2473 2023" 
                    HPOS="509"
                    VPOS="1828"
                    WIDTH="1964"
                    HEIGHT="247">
            <Shape><Polygon POINTS="509 1909 741 1926 808 1963 810 1963 812 1963 938 1942 942 1942 949 1942 1023 1959 1025 1959 1162 1959 1164 1959 1206 1988 1208 1988 1210 1988 1212 1988 1303 1976 1382 1998 1384 1998 1386 1998 1446 1992 1475 2011 1476 2011 1478 2011 1480 2011 1482 2011 1517 1998 1556 2017 1558 2017 1559 2017 1608 2009 1754 2032 2127 2059 2129 2059 2191 2048 2222 2061 2224 2061 2226 2061 2228 2061 2270 2048 2324 2054 2357 2075 2359 2075 2361 2075 2363 2075 2365 2075 2407 2056 2469 2054 2473 2023 2471 1971 2303 1959 2301 1959 2299 1959 2202 1988 2121 1961 2119 1961 2117 1961 2019 1974 1809 1961 1720 1953 1650 1917 1648 1917 1646 1917 1411 1926 1357 1890 1355 1890 1353 1890 1229 1880 1216 1878 1148 1878 1146 1878 1144 1878 1073 1905 996 1880 994 1880 992 1880 928 1888 880 1864 878 1864 807 1864 776 1847 774 1847 772 1847 708 1861 668 1843 666 1843 664 1843 608 1845 517 1828 513 1872 509 1909"/></Shape>
	    <String CONTENT="denaenne au pounoir de Belix Notaire toussigné eneitte de lague"
                    HPOS="509"
                    VPOS="1828"
                    WIDTH="1964"
                    HEIGHT="247"
                    WC="0.9467232506426554"></String>
          </TextLine>
          <TextLine ID="eSc_line_f1daa4af"
                    TAGREFS="LT314"
                    BASELINE="511 1963 685 1982" 
                    HPOS="507"
                    VPOS="1920"
                    WIDTH="178"
                    HEIGHT="85">
            <Shape><Polygon POINTS="511 1963 507 1984 559 1982 681 2005 685 1982 685 1946 550 1920 548 1920 513 1928 511 1963"/></Shape>
	    <String CONTENT="est ieru"
                    HPOS="507"
                    VPOS="1920"
                    WIDTH="178"
                    HEIGHT="85"
                    WC="0.8973864242434502"></String>
          </TextLine>
          <TextLine ID="eSc_line_ee7283b2"
                    TAGREFS="LT314"
                    BASELINE="501 2054 648 2063 781 2088 1032 2092" 
                    HPOS="500"
                    VPOS="2005"
                    WIDTH="532"
                    HEIGHT="122">
            <Shape><Polygon POINTS="501 2054 500 2075 650 2083 664 2088 731 2113 733 2113 735 2113 737 2113 770 2104 795 2117 797 2117 799 2117 801 2117 828 2110 967 2127 969 2127 971 2127 1000 2115 1015 2108 1023 2117 1032 2092 1032 2063 928 2044 926 2044 924 2044 905 2054 897 2054 835 2052 834 2050 756 2013 754 2013 752 2013 654 2017 615 2005 613 2005 612 2005 501 2029 501 2054"/></Shape>
	    <String CONTENT="au D^e de la Nque"
                    HPOS="500"
                    VPOS="2005"
                    WIDTH="532"
                    HEIGHT="122"
                    WC="0.975950160447289"></String>
          </TextLine>
          <TextLine ID="eSc_line_03c34eca"
                    TAGREFS="LT314"
                    BASELINE="718 1992 1878 2119 2471 2129" 
                    HPOS="714"
                    VPOS="1955"
                    WIDTH="1757"
                    HEIGHT="214">
            <Shape><Polygon POINTS="718 1992 714 2013 735 2029 737 2029 739 2029 741 2029 743 2029 774 2021 822 2046 824 2046 826 2046 828 2046 878 2029 907 2038 909 2038 911 2038 944 2032 947 2032 963 2034 1071 2048 1098 2065 1100 2065 1102 2065 1104 2065 1164 2061 1210 2086 1212 2086 1214 2086 1305 2069 1339 2096 1341 2096 1343 2096 1345 2096 1347 2096 1395 2083 1478 2112 1480 2112 1629 2125 1631 2125 1706 2123 1756 2137 1758 2137 1760 2137 1820 2127 1870 2146 1872 2146 1874 2146 2011 2142 2050 2158 2052 2158 2054 2158 2056 2158 2119 2139 2121 2139 2123 2139 2164 2160 2166 2160 2168 2160 2170 2160 2202 2152 2214 2162 2216 2162 2218 2162 2220 2162 2303 2156 2311 2156 2465 2169 2471 2129 2469 2094 2251 2073 2249 2073 2247 2073 2239 2075 2214 2085 2199 2073 2199 2071 2197 2071 2195 2071 2193 2071 2191 2071 2189 2071 2143 2088 2005 2077 1977 2056 1975 2056 1973 2056 1971 2056 1969 2056 1930 2069 1816 2046 1814 2046 1751 2046 1735 2036 1729 2030 1727 2030 1726 2030 1724 2030 1722 2030 1710 2034 1673 2046 1575 2038 1534 2021 1513 2011 1511 2011 1509 2011 1507 2011 1494 2017 1480 2023 1442 2013 1413 2005 1411 2005 1409 2005 1407 2005 1397 2009 1376 2017 1314 2015 1266 2000 1216 1984 1214 1984 1212 1984 1210 1984 1187 1994 1179 1996 1173 1992 1156 1980 1154 1980 1152 1980 1150 1980 1148 1980 1129 1988 1127 1990 1125 1988 1102 1969 1100 1969 1098 1969 1096 1969 1094 1969 1052 1982 1050 1982 1048 1982 951 1955 949 1955 947 1955 720 1955 718 1992"/></Shape>
	    <String CONTENT="controtté au Pert de la montagne Jsle de france le lvedo"
                    HPOS="714"
                    VPOS="1955"
                    WIDTH="1757"
                    HEIGHT="214"
                    WC="0.9749179812414306"></String>
          </TextLine>
          <TextLine ID="eSc_line_8093b22f"
                    TAGREFS="LT314"
                    BASELINE="488 2133 1011 2202 1081 2220 1216 2227" 
                    HPOS="482"
                    VPOS="2077"
                    WIDTH="738"
                    HEIGHT="189">
            <Shape><Polygon POINTS="488 2133 482 2171 584 2171 656 2195 658 2195 660 2195 662 2195 687 2185 714 2202 716 2202 718 2202 720 2202 722 2202 747 2193 762 2206 762 2208 764 2208 766 2208 797 2214 835 2218 837 2218 891 2212 984 2237 986 2237 988 2237 1061 2235 1085 2251 1086 2251 1088 2251 1090 2251 1160 2247 1206 2266 1216 2227 1220 2191 1148 2164 1146 2164 1144 2164 1110 2168 1096 2154 1096 2152 1094 2152 1092 2152 1090 2152 1088 2152 1061 2166 1054 2169 1040 2162 1003 2144 1002 2144 1000 2144 998 2144 996 2144 984 2154 973 2160 920 2154 911 2142 903 2129 901 2129 901 2127 899 2127 897 2127 855 2121 808 2117 807 2117 805 2117 803 2117 795 2123 778 2135 708 2127 691 2108 691 2106 689 2106 687 2106 685 2106 679 2106 602 2112 554 2086 544 2081 542 2081 494 2077 488 2133"/></Shape>
	    <String CONTENT="Douaud et Belin et Siellé."
                    HPOS="482"
                    VPOS="2077"
                    WIDTH="738"
                    HEIGHT="189"
                    WC="0.9761449694633484"></String>
          </TextLine>
          <TextLine ID="eSc_line_9a2b9e22"
                    TAGREFS="LT314"
                    BASELINE="1048 2131 1710 2212 2029 2224 2378 2218" 
                    HPOS="1044"
                    VPOS="2086"
                    WIDTH="1334"
                    HEIGHT="190">
            <Shape><Polygon POINTS="1048 2131 1044 2152 1073 2152 1083 2158 1098 2171 1100 2171 1102 2171 1104 2171 1106 2171 1135 2162 1141 2160 1146 2164 1193 2193 1195 2193 1197 2193 1198 2193 1200 2193 1237 2177 1303 2191 1305 2191 1307 2191 1334 2183 1353 2196 1355 2196 1357 2196 1359 2196 1475 2189 1484 2189 1488 2191 1563 2220 1565 2220 1567 2220 1569 2220 1588 2212 1818 2245 1915 2249 1917 2249 1919 2249 1921 2249 1934 2237 1955 2254 1957 2254 1959 2254 1961 2254 2025 2241 2077 2254 2079 2254 2081 2254 2139 2241 2143 2241 2148 2241 2199 2252 2222 2274 2222 2276 2224 2276 2226 2276 2228 2276 2229 2276 2231 2276 2268 2252 2372 2258 2378 2218 2376 2187 2216 2173 2197 2173 2160 2173 2158 2173 2156 2173 2154 2173 2139 2185 2102 2175 2100 2175 2098 2175 1988 2181 1934 2158 1932 2158 1930 2158 1847 2171 1749 2152 1579 2150 1542 2131 1540 2131 1538 2131 1386 2133 1309 2108 1307 2108 1305 2108 1303 2108 1281 2117 1270 2102 1266 2100 1266 2098 1264 2098 1262 2098 1260 2098 1258 2098 1251 2100 1233 2108 1216 2098 1197 2088 1195 2088 1050 2086 1048 2131"/></Shape>
	    <String CONTENT="Recu quarante sous signé terviei signe"
                    HPOS="1044"
                    VPOS="2086"
                    WIDTH="1334"
                    HEIGHT="190"
                    WC="0.9692595514811968"></String>
          </TextLine>
          <TextLine ID="eSc_line_a2eb674a"
                    TAGREFS="LT314"
                    BASELINE="1148 2341 1604 2399 1863 2418 2467 2418" 
                    HPOS="1144"
                    VPOS="2291"
                    WIDTH="1323"
                    HEIGHT="180">
            <Shape><Polygon POINTS="1148 2341 1144 2380 1239 2384 1241 2388 1245 2393 1247 2393 1247 2395 1249 2395 1251 2395 1253 2395 1314 2393 1345 2391 1353 2395 1409 2432 1411 2432 1413 2432 1446 2434 1448 2434 1449 2434 1451 2434 1492 2409 1548 2413 1565 2428 1565 2430 1567 2430 1569 2430 1571 2430 1627 2420 1658 2432 1660 2432 1662 2432 1664 2432 1695 2418 1706 2413 1724 2420 1747 2432 1749 2432 1751 2432 1797 2426 1876 2455 1878 2455 2177 2469 2179 2469 2181 2469 2222 2455 2241 2449 2309 2459 2311 2459 2312 2459 2314 2459 2343 2440 2459 2471 2467 2418 2467 2359 2376 2378 2320 2351 2318 2351 2316 2351 2314 2351 2274 2364 2233 2345 2228 2343 2226 2343 2224 2343 2222 2343 2214 2345 2141 2368 2098 2353 2096 2353 2094 2353 2092 2353 2090 2353 2060 2376 1890 2370 1872 2353 1872 2351 1870 2351 1868 2351 1791 2337 1789 2337 1787 2337 1737 2361 1565 2355 1527 2335 1525 2335 1523 2335 1521 2335 1498 2345 1459 2335 1413 2305 1413 2303 1411 2303 1409 2303 1407 2303 1401 2303 1353 2314 1332 2301 1330 2301 1328 2301 1326 2301 1324 2301 1322 2301 1310 2310 1272 2297 1270 2297 1150 2291 1148 2341"/></Shape>
	    <String CONTENT="Enregistré par moi Commes Greffier toussi"
                    HPOS="1144"
                    VPOS="2291"
                    WIDTH="1323"
                    HEIGHT="180"
                    WC="0.9363192567011205"></String>
          </TextLine>
          <TextLine ID="eSc_line_539168bc"
                    TAGREFS="LT314"
                    BASELINE="1146 2451 1285 2459" 
                    HPOS="1144"
                    VPOS="2395"
                    WIDTH="141"
                    HEIGHT="91">
            <Shape><Polygon POINTS="1146 2451 1144 2469 1181 2484 1183 2484 1281 2486 1285 2459 1285 2422 1220 2395 1218 2395 1216 2395 1214 2395 1148 2415 1146 2451"/></Shape>
	    <String CONTENT="Surr"
                    HPOS="1144"
                    VPOS="2395"
                    WIDTH="141"
                    HEIGHT="91"
                    WC="0.9976832568645477"></String>
          </TextLine>
          <TextLine ID="eSc_line_4f1b7aef"
                    TAGREFS="LT314"
                    BASELINE="1152 2538 1266 2546" 
                    HPOS="1150"
                    VPOS="2503"
                    WIDTH="116"
                    HEIGHT="60">
            <Shape><Polygon POINTS="1152 2538 1150 2552 1262 2563 1266 2546 1266 2511 1152 2503 1152 2538"/></Shape>
	    <String CONTENT="Meat"
                    HPOS="1150"
                    VPOS="2503"
                    WIDTH="116"
                    HEIGHT="60"
                    WC="0.9999352693557739"></String>
          </TextLine>
          <TextLine ID="eSc_line_900fee0b"
                    TAGREFS="LT314"
                    BASELINE="1324 2474 1816 2532 2436 2536" 
                    HPOS="1320"
                    VPOS="2432"
                    WIDTH="1116"
                    HEIGHT="145">
            <Shape><Polygon POINTS="1324 2474 1320 2507 1366 2509 1368 2511 1376 2523 1378 2523 1378 2525 1380 2525 1382 2525 1384 2525 1442 2515 1461 2538 1463 2538 1463 2540 1465 2540 1467 2540 1523 2542 1525 2542 1527 2542 1529 2542 1554 2525 1631 2546 1633 2546 1635 2546 1637 2546 1639 2546 1648 2538 1685 2550 1687 2550 1689 2550 1691 2550 1716 2538 1812 2557 1814 2557 2042 2556 2123 2573 2125 2573 2127 2573 2158 2559 2210 2577 2212 2577 2214 2577 2216 2577 2284 2557 2332 2571 2334 2571 2336 2571 2338 2571 2339 2571 2353 2559 2432 2561 2436 2536 2432 2505 2378 2509 2370 2500 2357 2484 2355 2484 2355 2482 2353 2482 2351 2482 2320 2480 2318 2480 2316 2480 2289 2496 2278 2502 2264 2494 2239 2476 2237 2476 2235 2476 2233 2476 2231 2476 2200 2490 2175 2500 2143 2496 2131 2484 2117 2473 2116 2473 2114 2473 2112 2473 2071 2480 2017 2492 1849 2469 1847 2469 1845 2469 1843 2469 1822 2482 1776 2482 1724 2457 1708 2451 1706 2451 1617 2446 1615 2446 1614 2446 1604 2449 1558 2469 1542 2453 1542 2451 1540 2451 1538 2451 1536 2451 1430 2455 1409 2440 1407 2440 1405 2440 1324 2432 1324 2474"/></Shape>
	    <String CONTENT="une expedition dudit testament à"
                    HPOS="1320"
                    VPOS="2432"
                    WIDTH="1116"
                    HEIGHT="145"
                    WC="0.9853010773658752"></String>
          </TextLine>
          <TextLine ID="eSc_line_464c97e2"
                    TAGREFS="LT314"
                    BASELINE="1278 2550 1336 2567 1801 2621 2036 2633 2411 2627" 
                    HPOS="1274"
                    VPOS="2519"
                    WIDTH="1137"
                    HEIGHT="158">
            <Shape><Polygon POINTS="1274 2588 1307 2590 1307 2592 1332 2615 1332 2617 1334 2617 1336 2617 1337 2617 1339 2617 1341 2617 1366 2596 1419 2596 1422 2598 1490 2623 1492 2623 1494 2623 1496 2623 1534 2608 1559 2623 1561 2623 1563 2623 1565 2623 1567 2623 1600 2612 1656 2639 1658 2639 1660 2639 1745 2633 1756 2642 1756 2644 1758 2644 1760 2644 2025 2662 2027 2662 2133 2654 2228 2675 2270 2677 2272 2677 2274 2677 2312 2656 2405 2660 2411 2627 2407 2592 2314 2594 2295 2585 2293 2585 2291 2585 2289 2585 2287 2585 2260 2602 2200 2598 2164 2575 2162 2575 2160 2575 2100 2571 2098 2571 2096 2571 2046 2588 1977 2575 1975 2575 1882 2575 1863 2559 1861 2559 1859 2559 1857 2559 1855 2559 1826 2573 1724 2569 1660 2546 1658 2546 1656 2546 1654 2546 1652 2546 1629 2561 1575 2536 1573 2536 1571 2536 1569 2536 1565 2536 1498 2552 1482 2540 1480 2540 1478 2540 1476 2540 1428 2540 1420 2530 1419 2530 1419 2529 1417 2529 1415 2529 1413 2529 1411 2529 1392 2538 1382 2529 1382 2527 1380 2527 1378 2527 1281 2519 1278 2550 1274 2588"/></Shape>
	    <String CONTENT="rrepusentée et eussilot renduc après"
                    HPOS="1274"
                    VPOS="2519"
                    WIDTH="1137"
                    HEIGHT="158"
                    WC="0.9596627155939738"></String>
          </TextLine>
          <TextLine ID="eSc_line_927fa17f"
                    TAGREFS="LT314"
                    BASELINE="538 2631 735 2654 1179 2733 1760 2805 2042 2812 2465 2789" 
                    HPOS="532"
                    VPOS="2569"
                    WIDTH="1933"
                    HEIGHT="292">
            <Shape><Polygon POINTS="538 2631 532 2683 625 2691 627 2693 675 2714 677 2714 679 2714 681 2714 714 2700 820 2708 822 2710 909 2751 911 2751 913 2751 971 2739 1017 2752 1019 2752 1303 2764 1388 2787 1390 2787 1392 2787 1471 2781 1502 2803 1504 2803 1505 2803 1507 2803 1559 2797 1608 2812 1610 2812 1612 2812 1668 2808 1714 2822 1716 2822 2065 2853 2067 2853 2069 2853 2150 2830 2237 2859 2239 2859 2241 2859 2243 2859 2272 2849 2324 2861 2326 2861 2328 2861 2357 2847 2457 2855 2465 2789 2465 2739 2320 2727 2318 2727 2316 2727 2255 2745 2224 2737 2222 2737 2220 2737 2218 2737 2131 2766 1967 2766 1683 2729 1681 2729 1679 2729 1660 2737 1529 2716 1527 2716 1492 2722 1444 2693 1442 2693 1440 2693 1438 2693 1361 2710 1291 2677 1218 2656 1216 2656 1214 2656 1175 2658 1150 2642 1148 2642 1146 2642 1144 2642 1023 2654 955 2610 953 2610 951 2610 949 2610 874 2615 801 2590 797 2590 795 2590 793 2590 789 2590 739 2596 712 2583 710 2583 708 2583 542 2569 538 2631"/></Shape>
	    <String CONTENT="le vingt tiois Gemmina au Port de lu monteqné lan de de la Repubt"
                    HPOS="532"
                    VPOS="2569"
                    WIDTH="1933"
                    HEIGHT="292"
                    WC="0.9359966369775625"></String>
          </TextLine>
          <TextLine ID="eSc_line_c88f3da8"
                    TAGREFS="LT314"
                    BASELINE="1144 2625 1297 2642 1552 2689 1677 2700 1942 2714 2187 2714" 
                    HPOS="1141"
                    VPOS="2583"
                    WIDTH="1046"
                    HEIGHT="168">
            <Shape><Polygon POINTS="1144 2625 1141 2650 1208 2668 1210 2669 1339 2669 1388 2677 1401 2695 1403 2695 1403 2696 1405 2696 1407 2696 1409 2696 1411 2696 1434 2685 1488 2706 1490 2706 1789 2731 1791 2731 1913 2729 1934 2743 1936 2743 1938 2743 1940 2743 2002 2735 2042 2751 2044 2751 2046 2751 2048 2751 2081 2733 2183 2739 2187 2714 2187 2669 2141 2666 2139 2666 2137 2666 2135 2666 2104 2685 2019 2669 2017 2669 2015 2669 2013 2669 2004 2677 1977 2660 1975 2660 1973 2660 1971 2660 1969 2660 1924 2673 1866 2671 1820 2648 1818 2648 1816 2648 1814 2648 1812 2648 1793 2664 1751 2662 1700 2637 1699 2637 1697 2637 1695 2637 1693 2637 1668 2652 1540 2633 1538 2633 1498 2639 1478 2612 1476 2612 1476 2610 1475 2610 1473 2610 1449 2608 1448 2608 1446 2608 1403 2631 1336 2598 1334 2598 1332 2598 1330 2598 1239 2600 1146 2583 1144 2625"/></Shape>
	    <String CONTENT="meutiin du pesent enregistrement"
                    HPOS="1141"
                    VPOS="2583"
                    WIDTH="1046"
                    HEIGHT="168"
                    WC="0.9746153801679611"></String>
          </TextLine>
          <TextLine ID="eSc_line_c2d7bd0d"
                    TAGREFS="LT314"
                    BASELINE="1137 2816 1343 2835 1446 2857 1753 2891 1957 2897" 
                    HPOS="1133"
                    VPOS="2768"
                    WIDTH="824"
                    HEIGHT="168">
            <Shape><Polygon POINTS="1137 2816 1133 2863 1262 2861 1305 2876 1322 2884 1324 2884 1405 2891 1407 2891 1409 2891 1428 2886 1446 2882 1542 2886 1561 2897 1585 2909 1587 2909 1646 2915 1648 2915 1650 2915 1671 2905 1675 2903 1677 2905 1683 2911 1683 2913 1685 2913 1687 2913 1689 2913 1691 2913 1693 2913 1699 2907 1702 2903 1714 2909 1727 2915 1729 2915 1731 2915 1764 2913 1789 2911 1807 2917 1868 2936 1870 2936 1872 2936 1953 2926 1957 2897 1955 2859 1919 2863 1884 2849 1851 2837 1849 2837 1847 2837 1845 2837 1843 2837 1834 2845 1818 2853 1720 2845 1706 2830 1702 2828 1702 2826 1700 2826 1699 2826 1697 2826 1681 2828 1654 2832 1644 2824 1631 2812 1631 2810 1629 2810 1627 2810 1625 2810 1588 2816 1544 2826 1540 2818 1538 2818 1538 2816 1536 2816 1534 2816 1532 2816 1453 2818 1417 2799 1407 2793 1405 2793 1403 2793 1401 2793 1399 2793 1395 2795 1378 2807 1309 2793 1307 2793 1278 2799 1251 2780 1243 2774 1241 2774 1239 2774 1141 2768 1137 2816"/></Shape>
	    <String CONTENT="francaise une et indivesilele"
                    HPOS="1133"
                    VPOS="2768"
                    WIDTH="824"
                    HEIGHT="168"
                    WC="0.9710019539142477"></String>
          </TextLine>
          <TextLine ID="eSc_line_8b07d232"
                    TAGREFS="LT314"
                    BASELINE="19 2963 305 2971" 
                    HPOS="17"
                    VPOS="2884"
                    WIDTH="288"
                    HEIGHT="119">
            <Shape><Polygon POINTS="156 2886 137 2888 131 2888 111 2905 111 2907 108 2905 83 2893 77 2895 57 2897 38 2899 19 2901 19 2963 17 2988 65 2998 67 2998 69 2998 71 2998 83 2988 92 2980 137 2988 241 3003 243 3003 245 3003 303 2984 305 2971 305 2924 247 2924 239 2917 204 2886 202 2886 200 2886 166 2884 156 2886"/></Shape>
	    <String CONTENT="21. Nivote"
                    HPOS="17"
                    VPOS="2884"
                    WIDTH="288"
                    HEIGHT="119"
                    WC="0.9444792747497559"></String>
          </TextLine>
          <TextLine ID="eSc_line_5b0a69df"
                    TAGREFS="LT314"
                    BASELINE="851 2897 905 2893" 
                    HPOS="849"
                    VPOS="2861"
                    WIDTH="58"
                    HEIGHT="65">
            <Shape><Polygon POINTS="851 2897 853 2926 907 2924 905 2893 899 2861 849 2872 851 2897"/></Shape>
	    <String CONTENT="d"
                    HPOS="849"
                    VPOS="2861"
                    WIDTH="58"
                    HEIGHT="65"
                    WC="0.9995658993721008"></String>
          </TextLine>
          <TextLine ID="eSc_line_5f86a5d4"
                    TAGREFS="LT314"
                    BASELINE="1685 3007 1951 3019" 
                    HPOS="1683"
                    VPOS="2944"
                    WIDTH="268"
                    HEIGHT="108">
            <Shape><Polygon POINTS="1685 3007 1683 3025 1733 3029 1735 3030 1745 3040 1745 3042 1747 3042 1749 3042 1751 3042 1753 3042 1772 3034 1774 3034 1795 3046 1797 3046 1799 3046 1801 3046 1822 3040 1830 3038 1832 3040 1839 3048 1841 3048 1843 3048 1845 3048 1876 3046 1911 3042 1946 3052 1951 3019 1951 2986 1865 2967 1863 2967 1849 2969 1805 2978 1776 2957 1766 2949 1764 2949 1762 2949 1687 2944 1685 3007"/></Shape>
	    <String CONTENT="Dusson"
                    HPOS="1683"
                    VPOS="2944"
                    WIDTH="268"
                    HEIGHT="108"
                    WC="0.9972328444321951"></String>
          </TextLine>
          <TextLine ID="eSc_line_5565deab"
                    TAGREFS="LT314"
                    BASELINE="96 3115 355 3115" 
                    HPOS="96"
                    VPOS="3052"
                    WIDTH="259"
                    HEIGHT="156">
            <Shape><Polygon POINTS="96 3115 96 3183 191 3179 200 3187 225 3206 227 3206 229 3206 231 3208 314 3208 314 3206 316 3206 355 3189 355 3115 355 3077 264 3077 247 3065 227 3052 225 3052 223 3052 222 3052 220 3052 200 3061 191 3067 175 3059 166 3052 164 3052 162 3052 96 3052 96 3115"/></Shape>
	    <String CONTENT="de sa fou"
                    HPOS="96"
                    VPOS="3052"
                    WIDTH="259"
                    HEIGHT="156"
                    WC="0.9850846462779574"></String>
          </TextLine>
          <TextLine ID="eSc_line_831bfa69"
                    TAGREFS="LT314"
                    BASELINE="455 3090 1036 3177 1482 3264 1741 3297 1949 3310 2409 3301" 
                    HPOS="449"
                    VPOS="3025"
                    WIDTH="1960"
                    HEIGHT="330">
            <Shape><Polygon POINTS="2392 3256 2372 3251 2355 3247 2336 3241 2316 3235 2295 3231 2293 3231 2291 3231 2278 3237 2199 3268 2119 3278 2079 3247 2077 3247 2075 3247 2073 3247 1990 3264 1617 3224 1550 3177 1548 3177 1546 3177 1544 3177 1542 3177 1478 3198 1401 3195 1247 3115 1237 3112 1235 3112 1233 3112 1218 3112 1112 3123 1086 3110 1085 3110 1083 3110 1081 3110 1003 3129 891 3088 890 3088 888 3088 886 3088 822 3113 729 3056 727 3054 725 3054 724 3054 461 3025 455 3090 449 3123 787 3171 893 3173 978 3210 980 3210 982 3210 984 3210 1034 3197 1052 3212 1054 3212 1056 3212 1258 3235 1314 3266 1316 3266 1318 3266 1351 3262 1428 3285 1430 3285 1621 3307 1623 3307 1675 3299 1932 3341 1934 3341 1996 3328 2027 3339 2029 3339 2031 3339 2106 3330 2144 3349 2146 3349 2148 3349 2218 3339 2243 3355 2245 3355 2247 3355 2249 3355 2334 3337 2401 3343 2409 3301 2409 3260 2392 3256"/></Shape>
	    <String CONTENT="Pardevant les notaies tublis a losle de France toussignés les temoins"
                    HPOS="449"
                    VPOS="3025"
                    WIDTH="1960"
                    HEIGHT="330"
                    WC="0.948768985444221"></String>
          </TextLine>
          <TextLine ID="eSc_line_79719b42"
                    TAGREFS="LT314"
                    BASELINE="447 3177 1009 3258 1181 3297 1276 3305" 
                    HPOS="444"
                    VPOS="3123"
                    WIDTH="832"
                    HEIGHT="209">
            <Shape><Polygon POINTS="447 3177 444 3197 484 3227 486 3227 488 3227 490 3227 492 3227 550 3212 554 3212 561 3214 613 3235 615 3235 617 3235 683 3235 708 3235 725 3241 783 3266 785 3266 787 3266 789 3266 814 3256 824 3252 849 3262 891 3280 893 3280 895 3281 895 3280 924 3276 942 3272 971 3283 1007 3297 1009 3297 1011 3297 1013 3297 1015 3297 1023 3291 1030 3287 1042 3295 1081 3316 1083 3316 1270 3332 1276 3305 1276 3266 1233 3258 1214 3235 1212 3235 1212 3233 1210 3233 1208 3233 1206 3233 1119 3239 1117 3239 992 3200 990 3200 913 3191 911 3191 909 3191 882 3200 874 3204 863 3198 826 3175 824 3175 822 3175 820 3175 741 3179 706 3179 565 3150 536 3144 534 3144 532 3144 523 3148 519 3142 513 3135 511 3135 511 3133 509 3133 507 3133 469 3123 467 3123 465 3123 453 3127 447 3177"/></Shape>
	    <String CONTENT="li après nommés aussi toustigné"
                    HPOS="444"
                    VPOS="3123"
                    WIDTH="832"
                    HEIGHT="209"
                    WC="0.9793137850299958"></String>
          </TextLine>
          <TextLine ID="eSc_line_0823f5bc"
                    TAGREFS="LT314"
                    BASELINE="69 3235 119 3235" 
                    HPOS="69"
                    VPOS="3166"
                    WIDTH="50"
                    HEIGHT="148">
            <Shape><Polygon POINTS="69 3235 69 3305 117 3314 119 3235 115 3166 69 3185 69 3235"/></Shape>
	    <String CONTENT="61"
                    HPOS="69"
                    VPOS="3166"
                    WIDTH="50"
                    HEIGHT="148"
                    WC="0.9949716925621033"></String>
          </TextLine>
          <TextLine ID="eSc_line_e868abbe"
                    TAGREFS="LT314"
                    BASELINE="434 3272 1048 3366" 
                    HPOS="428"
                    VPOS="3216"
                    WIDTH="624"
                    HEIGHT="177">
            <Shape><Polygon POINTS="434 3272 428 3297 523 3301 556 3318 561 3320 563 3320 565 3320 571 3320 613 3316 739 3345 741 3345 743 3345 764 3339 913 3374 926 3376 928 3376 930 3376 949 3368 961 3380 961 3382 963 3382 965 3382 967 3382 969 3382 990 3374 1040 3393 1048 3366 1052 3326 828 3295 822 3289 810 3278 810 3276 808 3276 807 3276 805 3276 776 3281 762 3283 749 3278 702 3252 700 3252 623 3252 530 3227 529 3227 527 3227 525 3227 523 3227 511 3235 465 3216 463 3216 461 3216 459 3216 440 3224 434 3272"/></Shape>
	    <String CONTENT="demeurant en sa maison"
                    HPOS="428"
                    VPOS="3216"
                    WIDTH="624"
                    HEIGHT="177"
                    WC="0.9803953143683347"></String>
          </TextLine>
          <TextLine ID="eSc_line_4b9ae620"
                    TAGREFS="LT314"
                    BASELINE="413 3364 557 3378 986 3459" 
                    HPOS="411"
                    VPOS="3312"
                    WIDTH="581"
                    HEIGHT="161">
            <Shape><Polygon POINTS="413 3364 411 3372 434 3388 436 3388 438 3388 440 3388 474 3384 488 3395 488 3397 490 3397 492 3397 586 3403 598 3403 610 3407 687 3432 689 3432 760 3436 781 3436 793 3442 834 3459 835 3459 949 3473 961 3473 980 3473 982 3473 986 3459 992 3415 932 3411 922 3403 901 3384 899 3384 897 3384 779 3378 749 3378 743 3372 718 3351 716 3351 714 3351 712 3351 660 3359 650 3359 640 3355 608 3339 606 3339 604 3339 579 3345 577 3345 575 3343 559 3324 557 3324 557 3322 556 3322 554 3322 500 3312 498 3312 420 3316 413 3364"/></Shape>
	    <String CONTENT="Ville et eonton de la n"
                    HPOS="411"
                    VPOS="3312"
                    WIDTH="581"
                    HEIGHT="161"
                    WC="0.9865837926449983"></String>
          </TextLine>
          <TextLine ID="eSc_line_6355983e"
                    TAGREFS="LT314"
                    BASELINE="1063 3372 1478 3455" 
                    HPOS="1058"
                    VPOS="3326"
                    WIDTH="428"
                    HEIGHT="147">
            <Shape><Polygon POINTS="1063 3372 1058 3393 1444 3473 1455 3473 1473 3473 1478 3455 1486 3401 1374 3397 1363 3382 1357 3374 1355 3374 1355 3372 1353 3372 1351 3372 1324 3366 1262 3366 1218 3366 1193 3355 1123 3326 1121 3326 1119 3326 1069 3334 1063 3372"/></Shape>
	    <String CONTENT="chemiin du retu"
                    HPOS="1058"
                    VPOS="3326"
                    WIDTH="428"
                    HEIGHT="147"
                    WC="0.9955628832181295"></String>
          </TextLine>
          <TextLine ID="eSc_line_7f22b027"
                    TAGREFS="LT314"
                    BASELINE="1318 3324 1413 3330" 
                    HPOS="1316"
                    VPOS="3264"
                    WIDTH="99"
                    HEIGHT="91">
            <Shape><Polygon POINTS="1318 3324 1316 3355 1411 3355 1413 3330 1415 3278 1374 3264 1372 3264 1370 3264 1320 3268 1318 3324"/></Shape>
	    <String CONTENT="fut"
                    HPOS="1316"
                    VPOS="3264"
                    WIDTH="99"
                    HEIGHT="91"
                    WC="0.999869684378306"></String>
          </TextLine>
          <TextLine ID="eSc_line_17c12e93"
                    TAGREFS="LT314"
                    BASELINE="1438 3353 1834 3391" 
                    HPOS="1436"
                    VPOS="3297"
                    WIDTH="400"
                    HEIGHT="150">
            <Shape><Polygon POINTS="1438 3353 1436 3393 1486 3382 1552 3386 1585 3399 1592 3407 1615 3432 1615 3434 1617 3434 1619 3434 1621 3434 1706 3434 1749 3447 1751 3447 1753 3447 1754 3447 1828 3424 1834 3391 1836 3332 1787 3328 1785 3328 1783 3328 1758 3341 1697 3320 1695 3320 1693 3320 1691 3320 1660 3332 1625 3312 1621 3310 1619 3310 1617 3310 1615 3310 1612 3310 1579 3324 1442 3297 1438 3353"/></Shape>
	    <String CONTENT="verent Ja fon"
                    HPOS="1436"
                    VPOS="3297"
                    WIDTH="400"
                    HEIGHT="150"
                    WC="0.9482419444964483"></String>
          </TextLine>
          <TextLine ID="eSc_line_ea5419e1"
                    TAGREFS="LT314"
                    BASELINE="407 3444 488 3455" 
                    HPOS="403"
                    VPOS="3388"
                    WIDTH="91"
                    HEIGHT="85">
            <Shape><Polygon POINTS="407 3444 403 3455 482 3473 488 3455 494 3405 473 3388 471 3388 469 3388 467 3388 413 3393 407 3444"/></Shape>
	    <String CONTENT="4et"
                    HPOS="403"
                    VPOS="3388"
                    WIDTH="91"
                    HEIGHT="85"
                    WC="0.8756057421366373"></String>
          </TextLine>
          <TextLine ID="eSc_line_9df89ccd"
                    TAGREFS="LT314"
                    BASELINE="1878 3419 2359 3407" 
                    HPOS="1874"
                    VPOS="3337"
                    WIDTH="485"
                    HEIGHT="114">
            <Shape><Polygon POINTS="1878 3419 1878 3438 1944 3447 1946 3447 2009 3438 2036 3434 2054 3438 2116 3451 2117 3451 2359 3434 2359 3407 2355 3337 2328 3337 2326 3337 2324 3337 2322 3337 2272 3368 2202 3347 2200 3347 2199 3347 2197 3347 2195 3347 2195 3349 2170 3372 2100 3372 2087 3359 2087 3357 2085 3357 2083 3357 2081 3357 2002 3374 1980 3355 1973 3347 1973 3345 1971 3345 1969 3345 1967 3345 1874 3359 1878 3419"/></Shape>
	    <String CONTENT="Pot marchant"
                    HPOS="1874"
                    VPOS="3337"
                    WIDTH="485"
                    HEIGHT="114"
                    WC="0.9986651738484701"></String>
          </TextLine>
        </TextBlock>
        <TextBlock HPOS="0"
                   VPOS="3104"
                   WIDTH="1"
                   HEIGHT="2"
                   ID="eSc_textblock_ff3dab68"
                   TAGREFS="BT419">
          <Shape><Polygon POINTS="1 3106 0 3106 0 3104 1 3104 1 3106"/></Shape>
        </TextBlock>
        <TextBlock HPOS="355"
                   VPOS="139"
                   WIDTH="29"
                   HEIGHT="28"
                   ID="eSc_textblock_b7695e93"
                   TAGREFS="BT419">
          <Shape><Polygon POINTS="359 139 384 139 376 167 355 167 359 139"/></Shape>
        </TextBlock>
      </PrintSpace>
    </Page>
  </Layout>
</alto>
