2479 2875
1391 4 17 47 1

1474 1 60 30 11

1239 95 22 71 4

1328 81 115 75 le

1485 1 920 128 France, t Joussigné Jahiix puditin

1170 183 283 82 ddu Prose

1464 68 938 157 et Contract de Mariage, à Moi

1161 271 171 112 Repré

1392 281 101 57 le

1522 265 57 56 d

1626 167 781 141 LJnstant Rendrice, Apres

1154 274 1233 198 Nontion faite du Present Enregistrement.

1525 362 925 176 Sou ee la Rontagne Ce Vingt

1151 444 1299 228 Duit Ventote, Lau Tron de La Népultiqn

1189 567 1015 210 française, une et Judiisible./.

1626 715 357 137 Bumon

1942 862 19 56 5

23 996 492 107 29. Messidor l'an 2e

12 1090 414 99 de la République

1 1169 575 105 17. Juillet 1794 (veeux Vil)

675 1054 1775 145 Par devant les Notaires publies cel Jsle de france toussigné

581 1180 1880 144 fut presente la nommée Nanette negresse libre de caste indicun

584 1309 1874 123 affranchie du Citoyen Golé vévant teitteur dhabits en cette d'itte

543 1426 1912 120 dle demeurante la ditte Nanette en cette ville du Pert dle la monte

562 1560 1904 99 Laquelle etant ettaguée dune maladie de pertrine dont elle cranc

507 1681 1908 91 les Suites allant et vaquant necummoons à Ses effaires et sétant

509 1777 1866 107 mêne expès taiisportée en letude de Doucud lun des Notaires

507 1883 1936 132 Soussignés, la ditte Menette Sine desprit me moire et pegement

506 1986 1888 162 ainsi qu'il est epparu aux dits Notaires et voulant mettre oidre

509 2089 1920 188 a set affaires a fat dicté et nommé audit Doueud ton confien

507 2208 1069 131 pretent Son testament ainsi que Suis

512 2327 1845 164 Je veux que tous les biens que je posside en cette tolome

514 2429 909 136 en quoiques poisent eta ccontisten

300 2456 124 144 14

1450 2496 979 129 et patt calierement une maison
