2479 3367
907 46 1427 124 Ce que de Raison Pour faire inoinerd cesroenter ou De

871 117 996 133 Il Eot donne tont Pouvoir au perseur.

1113 168 1152 136 fait en Passe En double Rinité au Pou la

851 230 1586 155 de Franc en Losnde Le Quage Ruviese Lau Giovieme Mait

905 314 1431 123 Pisane t Jndirisible et à Sigéé la mimutte des resentes

884 383 1537 131 Contsolé Par Saavier Le d^e Jonr, Lequel à Mis Regé quarant

879 447 1435 142 Sele, at demenée à Binrand L'un des notaire Somsignés

1474 566 947 107 Ensegistre Parmoi Greffor du biibunal

1405 639 1040 109 D'appel del Jsle et France, Soussigné sur rune

1472 699 945 95 Capepition a moi Representé Eta Cemtant

1464 766 953 100 Rendüe Apres mention faite sur icille dn

1459 821 570 108 Preseux Enregistrement.

1487 897 956 118 Au pou Cela mensagne Jsle de France Le

1438 974 990 125 Sepn Gammal, l'an P^t d lu Republique

1436 1047 743 125 Francaise une et in diviible/

2151 1154 154 153 NNron

379 1885 461 75 du 20. Pusiose au 3

376 1994 516 87 Entre Jean Lacharie nou

359 2119 490 95 fannie aussi femme

362 2190 232 71 de couteur

1451 1376 1005 92 Dun coutreat demariage entre Jean Lachare

1442 1460 1027 94 homme de couleur assisté de Jean a lexani re toupre

1442 1554 971 114 fannie femme de coutour fille légitiime

1442 1627 1010 107 du nommé Ailippe et de Gertrude estlave

1436 1719 958 91 du Cet Charat, Pasditte fance assistée pour

1431 1801 958 78 les presentes du Ct René Gaiqui Son

1423 1874 990 88 enmle paternel comierge du Jardin des

1425 1954 990 88 plantes, le du contrat passé pardevant

1414 2023 1035 101 Bombard qui en a qurdi miuette dcement

1421 2104 1039 106 controlléé au Port de la montagne Jsle de France

1414 2194 1001 103 le inq ventoie dle lan trois par servier,

1414 2291 602 78 a eté extran cequi suit

776 2375 1663 127 En considération du dit mariage les futiers époux autoisée comme

798 2463 1606 114 dessus, le sont par ces presentes fait donation virgere muctuelle et

798 2534 1576 120 aiproque au Survivant deux, ce apeptant par ledit survivant

797 2615 1605 95 detous et chauen les biens meubles propres auquels et conquilse

789 2684 1656 101 mmeubles qui appartiendront au premier mocurent aujour desovdu

778 2759 1656 102 aquelques tommes quele puisent monter et de quelqui valeur equels toient

260 2830 2131 103 Let pour faire miue pour detous lesdits Piens juie par le Surirvant Savie durante ate

778 2908 1622 90 caation jurataire pourve touter foir quelors du prenier mouran

181 2899 565 92 a peseutée les parties ont

179 2961 560 80 ceustitue leuu procuseur

772 2970 1594 99 il ny au aucun enfant vivant né ou a naitre au que cas la prust

183 3004 552 84 le portuer aucquel elle

1653 3035 738 118 Enregistré par moi Comme

188 3054 1377 94 donnent pouvoir. donation viagere sera mulle.

0 2151 50 106 Jei
