3508 2129
2092 219 1333 116 Busson Commes Greaffier juré voux

2146 347 1305 102 Ser lexpeditian du testament des

2140 467 1341 120 autres parts a moi re presentée et à

2141 584 1346 128 linstant rendac après mention faite

2142 701 916 106 du present inregistrement

2139 843 1313 96 Au Sert de la Montagne ce vingt heuit

2134 959 1310 104 Veuton an trois de la Republeque

2154 1082 1333 86 francaise une et nndivesibile un mu

2137 1201 1242 98 des autres parté rayé comme ne

2563 1383 372 82 Busson

3326 1577 139 98 ance

1113 1612 2177 116 un Canie ardevant Lel Notaires Publics à l'Jsled

509 1687 753 82 4 Je Vectose, Lau P Nix

1361 1735 1858 81 ousiiqnes, furesnt Presenl Philippe Thomas Dunmons

3245 1703 130 68 Titoy

3405 1689 34 55 12

515 1785 745 80 Don atutriel et cutrinfn o

477 1785 2983 139 Dalexaudre le Cocq. de ECette Ville du Pou dt La Montaque Paroine de Lonie au Lom e

3287 1853 152 87 da leve

531 1917 708 90 SaintBossagne ae Cory

1304 1886 1955 118 Comme fonde der Pouvoirs spéeral à L'effer de ce qui int

3423 1920 50 69 1e

3283 1961 67 75 26

351 2073 20 51 4

583 2013 336 61 son Eporcia.

1321 1984 1934 129 Le Cvoq habitant de Tette ple Besidunt An lieu dit

3332 2027 68 87 Pit
