2479 2750
1160 1 787 61 jure li oibinal a anp

1143 29 1293 151 Jousagné sur une Expedition à mai

1163 128 1296 160 Representé et à l'Jnstant Rendice, apre

1156 241 1292 154 Mention Saite Sur Jeelle du present

1166 403 528 101 Eniigistiement.

1363 453 1088 197 Dupot de la Montagne Jslede France le

1124 609 1295 124 Dix touit Gesmmal, L'an Trois de ha

1161 653 1272 197 République Francaise une et indevisible s

1173 766 1267 173 an met Raye comme pul; les mote Aux et courir

1163 915 664 122 Jurcharge approur d..

1742 1023 255 78 Junon

85 1271 465 126 22. Gememma au 3

45 1425 453 113 lestament de

522 1295 1799 167 Pardevant les Notairee Publies alJle de France Soussignés

45 1533 474 107 tompée noir indien

533 1408 1780 165 et les temons ci apiès nommes toussigné fut present le

56 1517 2387 183 endutte du Me Ventorsommé Pompée noce indien affranchés du Cet Villecolelte demeurant

528 1639 1928 140 en Sa maison camp malabar de cette ville et Canton de la montagne

531 1755 1879 140 Lequel etant malade dans son lit mais tain des pui memoire et

544 1868 1878 131 jegement afan et decté le present ton testament et erdonnance

553 1973 1829 129 de dermière nolanté auxnolaires et temoins toussignér ainsi qu'il sui

547 2079 1902 124 Premerement. J donne et legue tous les bieus qui mapparteendrout

554 2192 1905 113 aujour de mon décée ala nommée Rosette indienne libre ma nuce

559 2306 1880 92 demeurant avec moi en reconnaissance des tois quelle a pour moi

573 2398 1828 106 depuis que je suir malade liestiteant ma legataire naiveselle,

432 2563 147 84 82
