2271 3508
70 105 357 172 J bqd

32 213 322 140 dxati atruda

131 304 91 81 cster

5 301 328 172 Ant Jeangout

128 420 47 61 d

9 426 468 158 Ce dt Pilieperiien

19 541 80 92 Ltr

503 62 1642 262 Padenne teoair pulle au Centoe depaog leachret

510 278 1614 137 esle de France assité des tencoins Ci après noinair et Soussignes fuvent

517 382 1598 147 presens Citoyens Rocte Jeangout habitant au Canton dese

514 491 1203 120 pamp lemousses y demeurant Paroisse Se Francois

602 549 1507 158 eh francoise V^e Pilpr en dienne Libir domicilier audit Canton

500 701 427 103 des pamplemoins

635 721 1483 163 Lesquits Voutant Se limoigner recu proquexemt La reconnoissance

526 808 1591 180 qu'ils ont Lun pour Lautre pour les Seroier qu'ils et sontrendrus

506 908 1589 158 Mutailtement gels declarent Par Ces proenles Se faire donation reuproque

500 1007 1609 172 entrcif et irrevocable, en la meitteure forme que donation puisse vatoir

502 1095 1585 154 au Survivant d'eux deux Ce aceptant par ledit Suroivant reciproquement

502 1179 1505 163 de tous et Chanme les buis emubles et innambles qu'ils posse deut

512 1274 1534 162 Aitaittemne en Connaion, Lesquets forment La totattée de leur avoir

504 1358 1562 164 et Leur viement dufremt delurr travant, et Coniitent en un pelet

497 1453 1530 162 établisement Selué audit Canton des pauep temrasse sur lequel el

500 1549 1527 173 resedent de ptusen quatre esclaves et Leur mmubles memblan ha bits

497 1621 1629 189 Linge hardes Batleie de Caiine entancils de Minage et Tousaubes

512 1730 1612 179 effen Sas caeption existant dans ledit etablissement Le tout evalui a

510 1810 1573 175 Cause dudroit de Controle aune Somme dequiise mille Lures pour de tous

502 1894 1579 185 Les dits biens et effets jouir par le Survivant Ses hroiis etayant Canse

504 1987 1531 193 en toute propriété deegour dadees dupre decéde perquai quel gour les

504 2063 1616 217 deles partes se reseirvent respeetivement Luraffrent et jouissance des dits

502 2159 1535 201 biens et Ce a litre de Coust etut et de precaire et aussilat le dces du

504 2247 1632 206 predicédé Ledit unefrent Cissira et demurera eemt recuvné et Onsillit

508 2334 1560 213 a la proprété au prusit dudit Susvivant Sitrans portant et demettant

508 2432 1607 206 resputeveent Lun aupresit delantre de tous lsdroin depropréété noim

518 2525 1536 219 riaisons et actions vaulant que Chacux deux en Soite Saiss et misden

516 2656 1117 187 possisson par quiit ainsi qu'il appartiendua

561 2705 1563 210 Les dits Comparant Doutant etre calete a la nomaée Marie

539 2800 1488 212 Francoise felle Cupedon Libre de naissance, Laquetle demaire

534 2896 1542 192 avec eur depuisquetques lens et en prement Sot voutant qu'après leur

534 2991 1514 197 deans elle ne Soit point a Charge a la Colane, ela desicent

534 3059 1608 232 que Le Survivant seux Lu sassedonaion Sur sestiens dune Souede

207 631 185 152 164

1791 1 374 96 Soixante teihan

302 3301 97 80 46
