3067 2479
819 35 2147 113 Endienne Son Esclave pour en jouir Pouse de Chose aelle

803 169 485 125 appartenante.

2995 271 25 47 1

854 471 2060 95 Codicile et testaments auterieur a cepresent auquelle

1353 342 1578 120 Seclare la testatrice quelle avoque tour

3006 375 34 40 4

843 568 2120 98 Seul elle Parrete Comme Couteuant ses verritables et

817 695 870 81 Perniere Dupositions

858 965 2160 129 Susdits presence des demons Doussigne Par la ditte testsut

1332 860 1655 119 efut fait dicte Et nomme aux Notaire

862 1092 2154 107 a elle Lu et relu en lasence des D^t Demoins de Sarant

877 1232 464 131 y pertester.

879 1521 2172 126 pxleuce du S^t Jarques Libron Bourgeois de cette

1153 1384 1776 129 Ait et pane les Jours et au susd. E

825 1649 2235 111 ille y dehueurtaut rue de Mola et de Joseph maingard

877 1751 2173 109 Créole Libre demeurant dans Le Camp des Geur Libres

854 1867 2179 99 Jusd^e Pabit 1.; et ont Lesdits temonis Signer

1613 1853 78 66 one

887 1972 2108 97 ces Presentes fait en Crevit a la requisition de ladite

894 2067 2061 129 testatrice qui a de saré ne Davoir Eerixe ny Signe

225 1203 164 55 cet

228 1399 240 78 3 Sou

345 1641 29 58 —

151 1772 190 109 par

129 1845 266 143 fair

143 1984 117 63 re
