3000 2479
1685 1 868 84 Soixante emaiie Jecutet

122 145 25 67 1

150 168 199 100 quals duque

376 137 500 99 Sehargee on aas

852 97 2131 145 Cchuifs errevocable Matuelle et eyale en la Meilteme Ponte

106 216 694 121 tstamatine en près aomme de

110 280 750 108 remelles tou trepil e le laivera cyqu

97 218 2860 228 au deut doul il en france tas. que donation fusse valoid ce accepte Deppehoement pas

108 447 171 95 Epare.

804 356 2162 139 aux pour led durvivant setous lese tient mauble un meubles

118 465 702 114 lede teslabeur duae el lequelau

796 454 2139 147 acquets et Auquels propres et auties qui le houveront

85 535 679 131 Jyd baucte La au leu falet

81 600 712 128 ant endren averau cene legrel

862 574 2114 142 pertener au premouran Pors desore deces en estafeml la

78 665 708 135 l aar ladel el da facq dans ce

79 783 157 79 ronast

815 684 2153 129 vre curant a eliarge de donner Enetion te toutpousvie qu'au

166 807 605 121 Le d^t lestabeur dechre qu'illuy

801 779 2143 117 P pour el le le houve ausuu cafant un ou a lartee.

52 886 701 115 et éte par med^t amagore les

59 902 2898 161 naatinerue lsayerd duc. Marnage auquel cae enfans la punute soustion

1413 991 237 51 G

56 1039 709 131 Raura de Bue Malte leres

779 999 2172 141 de reudia melle toutefors le ce touvant des enfanr il

55 1122 731 107 pesan deprue taanme dul leprent

42 1108 2907 175 tucte iingt inq Jusqu'ayonr en vreunen a deu dev fuis porterilé deston la d^ Conation

38 1262 720 119 outa uneau ondie de Deus

37 1322 730 102 velle enqent vingt qualie levree

793 1194 2091 170 lgrundia en faviur aa luivivant la paniere four e

39 1397 713 95 pour cestant dun puances comple

789 1331 2180 137 vecla pour avoir lieu comme Lil u'y avort pau seudenfaar

38 1465 722 103 Suisant la aotte que Par houvire

1938 1463 166 72 6

1038 1470 955 142 Et pour faie entenue V 4

2015 1517 15 47 1

57 1557 319 70 deu les pprere

121 1583 673 86 lent d Lestaleur aait de tonme pour

39 1638 764 87 lou exuteur testont lur la persnide

987 1655 114 51 —

38 1695 745 85 du lieuda S^ Jayet labitant dn

39 1746 751 81 centond lele Mavice des enlebari

723 1793 26 42 20

800 1736 73 73 —

1564 1699 1396 110 Erregistré Saveuur Dmmesquffie EJure

44 1801 719 87 le prant prvere Layte de tantre

809 1798 60 68 —

44 1862 826 89 qu'il leu a loupars temoque de

1488 1822 1434 107 de ta Jurisdectiou orale Del Jsle de France

30 1910 1279 103 voitoir tay amyfer Letre harge, ce doisiat an leanaime

158 1957 2786 110 Car acale lés ête foit inté il noonme par led testoleur a M^e Jian Voussique Suv^ Lapé dition aacor Repreanted et

56 2030 1395 128 tapleste touie qurat au presence des temoit ringne pu lepples

1479 2067 1464 102 a lJnstant reudüe après uertion faite Sur ccelle

50 2109 1393 115 E Raques Et après queleet testamemtsété la tel calu, ua at

42 2181 1416 106 apes Vanteand testateur led^. tenque presirs, il adchre y

1462 2166 876 94 du pesent Cangistéeae

60 2266 1360 76 nessistes et che e demure  erlontéefal e pa Saiole

1203 2244 252 64 JLa7

1690 2290 1250 104 Nu Vorllous Jle de france le

42 2326 1464 93 diutet dud^e testaleur dune latund appartelien taleville lequn

1548 2344 13 50 1

70 2403 1362 71 le andf vingl ieng saptente sil sept lat Quatevrag re sa

1479 2388 1110 89 tois octotre Mil le precut Qualu

2644 2429 30 48 2e
