3513 2429
1642 1 1151 92 faile Suveutuy du prssnt racnggistrement

1770 56 1127 141 Au Antert Jsle de france le Dit

1603 164 1264 142 sept octobre aul leprat que trevragt douze

449 340 67 51 re

565 334 65 107 12

2184 267 193 164 Jalie

282 516 530 106 Mayen Pulieurt

820 468 81 86 Ere

1454 439 486 111 Sestament.

300 653 399 82 R Velle

431 735 38 63 8

1078 589 1970 178 e jourd leur sesgience octobre trois heure après midiy par devant

261 858 620 82 taii Bela nomme

908 670 2124 216 La notaire du Rer a l'jle de froncce at en Presence des temoins Cy après

265 937 589 99 rrce n freve livre.

921 867 637 114 nommés, Vouffiques,

901 869 2116 221 ffut Presente la nommé Catherice nngrene libre affranchie pair le

896 962 2139 217 sieur Gaspare Bertrand, quenons avour trereve dans un pavillon Vitui

234 1202 625 115 Lun mil sept cent

879 1037 2210 255 au faux des malabards Gisrante seuir tou lit, malade de Corpt mais vace

214 1294 641 121 quatre vingt vouze

824 1341 16 54 1

905 1157 2211 235 d'espret aie moire et enteudemant ainci qu'il est apparu au dit uotaite et

916 1361 939 136 aux temens Ci après nommé

1058 1360 2082 213 La quelle dans la Vu de la mort et Craignant d'en être surprise

910 1453 2242 232 avaut d'avere mis ordre a ses affaires a fait dicté et curnms sou present

919 1643 774 150 testament aiiii qu'il tuit

1076 1624 2061 266 Jait et entend ses détes etre Payées, ses torts réparés sianceeseaitte

928 1739 2298 267 aprèes sou décès par son exécuteure les tamentaire ci apres nommé donne et

951 1840 2273 279 leque la ditte testatrice aux nommés a le pir, et jeau Piivre ses enfantt natures

954 1968 2285 249 tous les bir Généralement queleonques taut meubles qu'juemeubles a le quelle

955 2070 2231 268 feur elle déctare les Constitu pour ses legataires univusel, se devaisiraut
