2617 2479
161 483 378 91 7 avril 1791

640 552 92 81 Pe

1583 429 996 146 Douaud notaire du Poy a l'Jsle de

134 556 1414 136 Cntament de l Pardevant nout poerre Francert

125 677 421 135 Jeseph Pardet

595 537 1931 235 Prance Voussiques Eden presence des temons bas nomme  fut

658 773 589 112 gresenpeire soxpl

1286 643 1304 186 Glaitt Marechal ferance expert demeurant

644 891 457 78 den celle vile du

1148 753 1420 171 Dort touis pres, le Quartier ses s Rataberdt

666 844 1868 230 parive de Louis ganou Majeur, na tif de jontaire Village de la

644 1043 397 117 PFranche Comté

735 1125 1792 140 Lequel etaut malade de dept qsant sar tou Let daut uue pelite

639 1235 1922 127 Deambre de peuvante d'une Maitor en lane apperteuante au leur Vabon

640 1329 1870 108 Maioe parteeutiet toutes fort led^t gerardou lain d'Esvil memoise

636 1447 1865 107 Et Jugoneu acmte qu'il est apparu anous e notaire et aux d.

640 1532 1837 112 temon voutant en ent de Dud diposir du peu de brent qu'il

672 1630 1870 124 pouede a fail et decte anous dt notaire et aux d. temons le

655 1721 1072 127 pétent son testamea amse que suit

796 1805 1771 164 Dectare le Testateur que tout requ'il osede en celle ple consile

668 1910 944 103 eu ets moleher de peu de taleur

658 1981 1923 178 desen pourquer e veul et celead qu'apres lu deces le seur Louit

1654 1948 859 117 d Eu quelques leler dach Ja sur

663 2064 608 99 Meste areau apruteu

663 2145 1865 214 aut tatue, tal taitie du tout le nommant a et efit lou

1315 2119 1228 134 en celte Jue et labitant pre la basse

662 2225 534 124 Edecateur testameatair

654 2319 384 88 voutoir accorder

1206 2276 778 143 puaut et tollenant les

645 2386 368 91 Paste indieuu

1082 2344 646 133 la Paiberté à la nome

2004 2367 541 87 sieu Merle de

2038 1 79 41 114

2177 1 30 41 6

1444 19 24 58 6

1718 20 73 87 se

1818 19 147 69 lre

1523 92 70 87 Cgi

1307 114 179 102 Viigl

1867 134 109 61 1e

1779 165 26 52 6

1304 195 363 145 quatre ving
