2667 2479
330 61 95 51 Aa

85 93 139 109 31

239 71 84 128 8

341 81 302 117 1792/.1

78 194 592 70 amasle hrift

757 180 354 102 ardivante

1125 66 1418 186 Ls notaises du roy à liste de France Soussigner

50 181 2519 186 Donnation Par ntut present ser boussiain Bouchir Cesatier de Lordre Rayal et

44 283 2503 171 Boucher a Pautine Emititaire de S^te Louis, Capitaise au Reginat de Lisse de fracce

45 404 2256 123 mengard etses Eufatt demeurant en Ceste ville du port Louis parroisse  Louis

50 512 642 84 mr

825 472 1753 142 Lequet Ey Teasignage des Sernce quil la rece de lantenme

611 560 1967 156 pautine mengard ruqusse libre dengeurante En Eette Ville du pout lou

560 661 1995 112 parroistef Louis ai pésente Il lui ce par Ces Piesentes fait

640 769 1919 91 donnasfion pure et simpte, Pirrevocable et Entrevif et en ta

652 845 1913 102 miettigre fonme quel doinsation puisse vatar de la Jouis faire de

647 943 1862 80 la somme de de douz mitte Lurfle monnoye de fette Jsle a

643 1012 1902 117 jeudre sur les set d Dumont qui le lui dor ut payer

618 1116 1898 94 le prenner du mop de novembre de Lainne milssept lelit

633 1183 1929 115 Vingt quatorze suivant qu'il est Etabty par lacte Obsig etodix

614 1276 1946 110 duits En out Rousentiy Cole dairenment avec prevrtiige et hppjr

596 1357 1960 118 au profit du donnateur Ce Jour RaauLaiidy devant les resta

606 1418 1902 157 Sossigné deri minute eff oisté à en Betin L'un d'Euf

556 1505 1999 151 pour par La d donnatafre ffouis faire et disposer de la d Jomie

586 1594 1963 145 En noufeuit Sa vie duraufe seutement, la bousher et Reavon

606 1660 1909 186 da srete Dennont au de tous Aactes Sersonner, quel

595 1751 1954 192 Appartiendie ainsi et de la Maniere que le donnateir L'auris

571 1849 1973 172 gla faire lui mensée avant Ces presente et a Compter de celfn

589 1937 978 106 pours apres le deces de la d^e don

1717 1973 828 176 ié usu fructire led Eeoufreit

570 2034 1917 179 demeurer reuni et Consolede au Condit proprieté de lap

595 2133 1936 165 somme et Soppartenex en tout Proprieté aux nommés

549 2214 1982 205 hpotite et marce Francose en fauts naturite de lade Pantrier

501 2312 1192 121 emengard, eux quel le donnateur

608 2410 306 67 Donnation

960 2419 220 55 Jiire

1265 2440 27 37 8

1721 2392 418 85 en fait Pore
