3317 2479
973 1 331 45 Malrir.

913 52 2260 102 et Pourr avoir von de ledexcatiere des dits enfants, pourr Jeillet a la

891 154 2303 124 ouservatiore des biens que la ditte les tatrice lur abandonne, lesgérir et Gouer

855 249 2349 124 jus qu'au moment de leur etablitement Par mariage on jesqu'au leuu ou ilat

843 355 2267 131 acquis le droit d'en disposerr Valablement Conforament aux loix actuelles de

826 468 2397 114 Rozamue la dite testatrice declare fomeltement frier et institun pur

848 572 2459 112 tuteurr de ses cnfaut le nommé autoine Janvier, Boucher uvir Litre demeuran

852 681 960 97 au meue faux des malabardi

947 785 2343 129 Déclare eu outre la dite testatrice nomemer le dit au toin Janvier prrer von

859 891 2427 122 éxécuteur les tamentaire en Consequente elle le desaittit entre les mains a fon plus

855 986 2400 125 da jour de Vou décès de tous ses biens Géné ralement quelcornques en delir de la

882 1071 525 117 Contuue de Paris

1024 1174 2288 137 Sefut auisi fait decté et nomme au dit notaire et aux temoiies ser Mique

876 1286 2425 135 a elle le tout le et relû a la dite y fersisterr et vn vouloin truu Changrr

869 1379 767 105 auqueeuter en deminer.

995 1481 2206 152 fait et Passé en la lusditte maison an Préseuce des lieurs audré Gitles et

891 1571 2262 145 goseph. Rille, Bourquos et Cetoyens de Cette Ville qui out tigné avec ccon

887 1685 2256 135 ur taire les jours et au que ssdits lu ditte Calherine interpetté de signér

881 1783 2256 161 a repoudu en teavvie ecrire ui igner ainsi ligné, Gillet, Rille et lhers

885 1895 2254 176 et eu marge ent écrit Controté au Port louis is le de france le Vingt cetor

895 1999 996 98 mil sept Cent quatre vingt don Je

1936 2013 1177 169 ¬Signé servenr qui a cuarque Recir

892 2108 1062 103 quarante vons. ainii digné Rezios

1735 2287 1340 179 duzegistré Par rudi Commis Greffier
