2608 2479
741 123 1842 170 Seculles je mmarrette Ceun me Conteuant met derniere

1895 126 503 76 Sapaute Seizieme

746 218 316 89 Ve lontier

867 301 1621 150 lefat ainsi fait duté et Nommé par lad

728 411 1637 109 dautine Desatice Daelle par le d. Jean B

2519 371 11 68 3

2388 447 111 59 r

688 521 1845 129 et Ceussaint Nataire dusdit Lu et relu meut

695 618 1811 117 a mot opris lautre Eu parsence de Moire

697 703 1854 130 Joseph  Carel et jusien frrncois, Macé hatéitant

624 816 1860 115 Bemeurant Separement augt lieu elit la

676 933 1819 87 Bavrauque et les mares depeud. elu susdit

668 1027 1727 84 Quartier elu pert bousbun Temons peeur

647 1111 1718 89 le requit par la dite Destatrice qus a déclare

658 1196 1739 117 Dien e Entondre a Cemprendre le Conteun

666 1308 1669 89 au ptresent ety erseste Eiemnme étail

624 1406 1835 110 Ses dispusdtuet Bord. Lilse et Ce votantes

1657 1399 76 52 d

633 1516 1794 92 etant Lesd bemonis Signé avec Mieus non

626 1625 1805 89 sa dite potine qui a declare Ne clavert caire

504 1742 22 92 1

607 1742 1850 104 Ay Signé ele cecuquise Suivant Lerdonnana

446 1833 2018 106 de Le present fait lu unleul Druvel sue

584 1937 1814 123 La Reguisition ele Cett d^ Ler peur Lieur

585 2058 1730 102 et an que devant a près Lecture Reitire

571 2171 1656 94 de Nanveau ainsi sgné Sui seftinute

551 2294 657 107 Maië, Caril af.

1195 2277 294 115 in fste

1520 2297 742 91 ousauit, Entuite

777 2392 1492 85 sit Eeufrote au port Lenis ine éle
