3508 2162
759 28 1186 114 Lau eil repr ceat suatie ving

1951 4 326 66 Pouze

2297 1 195 43 A 54

749 39 2531 210 de septeubre a deuz lieuresit denue de Relivie et a lad^t Danme Le vatuce

748 170 2534 191 Seque Sou jreseal testament apres lui avoir été lu et Delu an

722 321 2514 166 mot leu agrès tautre et avoir dit et declare da nonviau persiste

758 486 2575 124 euton Cortenr comme Lontenant les dernures lontes ainte siqne eu

3053 556 179 62 Id

749 628 794 120 Louqural Ne sequart

1585 625 35 102 8

1677 588 1262 118 B. verier castatiu al DelJsle

1028 699 2287 133 I etl ainse lan trevil ouqnal du testament cy dessir

765 805 2553 170 teanserl controtté ptar semer que a Narque avoir Rieu quarante

748 981 577 90 sols le 4. 7.

1298 959 64 59 tre

1379 920 1847 144 192. 4 dejse vour Minute a M^e Det Jsle

767 1077 2631 130 huu des notaire Voussiques par le sieur Durear ente quatite Sexuuhur

734 1195 2680 113 tessamentaire de la de tauie Sequart par acte au fapprt du dMM

742 1292 2328 140 DelJsle cadatte du Dix uent Se ptembre que adelisre la presiule

713 1405 2679 125 Epedilion a la Requisilion dur deur dureau ejous d'hemy vragl tn

3243 1372 52 45 2

737 1510 2558 128 Se ptembre Mil lepr cea  quatre vingt dour amnugne DelJsle 1

3320 1518 49 65 4

1186 1625 2229 116 Eitregistre gravaive Commés greffier Jure de la suresdection Ressale

1146 1725 2223 135 e M'Isle àe France Soudegal lur l'expedition a noi Depresentée eet

1137 1829 2274 131 Bacant rendue avrèe menton, nslé sur colle du pescal cnegechram

1182 1957 547 152 Quatevinge douze

1404 1896 2022 193 dre pal loyt Jile di trang le prennies octotre il apreent

687 1969 14 92 1
