3508 2471
1291 1 773 108 qouph. Relle, Bourquert

2529 1 366 55 eésiie

1282 17 1189 180 rer taire les jours et au q susdits lu ditte

1271 20 2173 291 a repoudu en havorie ecrire ai ligner ainsi ligné Gilles, Rille et lern

1267 142 2169 258 et eu marge at écrit Controté au Poitlouis is le defrance le Vingt eetor

1270 263 2114 258 mil sept Ceut quatre vingt don jef signé serveur qui a cuarqué Reciur

1264 520 718 110 quarante Vour. aimti digne

2027 479 199 97 Herior

3227 558 109 99 tier

2016 623 986 148 Duregis té Pai rndi Commes

1988 695 1459 209 jure de la jurisdiction Royale de l'isle de Franc

1982 841 1446 170 Serefliques lui aue expeditiere a moi repre le

1989 949 1400 143 a l'entant recudue après naettire faite Jui

1982 1081 1004 127 iceluy du Pesent enregutre ment

2058 1151 1336 183 An Port Louis is le de Frauce le

1960 1272 1469 184 Duigt demportobre mil sept quatreeringt dons

3264 1352 190 105 efe

2692 1413 229 134 Defive

713 1577 574 101 testameal de la

3222 1530 130 91 ie

553 1652 782 182 dame Vatrepe d^e Gui.

1400 1573 1945 141 Pas devant Lur Notaires du Roy à L'Jle de Fraui Soussigne

1259 1702 2177 137 Sul Fréseut Sieur Louis Charte harise des Rue Sesquel au requnet

1221 1825 2205 117 de Liste de Bouie demusaut Surle Damssant de cestte ville port le pasoine

1227 1927 324 99 S Louis;

1340 1957 2095 195 Lequte dépore à M^e Pastau Lui des Potaires Sousiqnés Pour etre
