2479 2600
1398 1 773 130 Saqueate Loisanie fecatet.

494 187 1924 127 Par une Conduite requliere recommandant au St azie

456 310 1979 107 de lui foureir dans ce cax les moyeur de Subsister Saut

473 426 1022 112 etre af Charge a la Colonie

507 638 1937 114 CSont et entere La testatrice que la N^e Sarolmanque

501 752 1967 124 Regrene Malgache age de treute Cing aus enveron en recomoise

496 875 1955 92 de Set ous et anidux Service Soit Libre, et pour ne par

498 973 1966 110 La Lainer a la Charge de La Colonie quelle souise en propriet

469 1080 1983 120 (de L'apeuty Etabli dans La Cout et qui lui Sert de Logemant

518 1184 1904 121 Eusemble d'une portion de terrent de quatre toins de Largeur

512 1292 1886 107 Sur Six de Lougeur a prendre d'un Dout du c^^t appeuty

517 1398 1862 115 au Poullailler Costriat dans Le d Etablismement et ée

509 1506 1747 121 L Extremité duét Poulailles à celle du S^t appeuty

960 1688 1345 140 Pouune et Leque La Testatrice à La

511 1805 1822 147 D^ Michelle negritte Libre fille d^ La Régune

511 1911 1846 132 Babet Nouma Sa Cocur La Nigsene Folicité Negene

531 2016 1819 165 Jadienne Son Etclave pour en jouir Poise de Chose aelle

521 2169 425 119 apparterante.

967 2289 1318 140 eclare La testatrice quelle avoque tour

563 2407 1705 120 Todicile et testaments anterieur a ce present, auquelle

878 2493 1420 105 Darrete Comme Contenant Sex verritabled et
