2900 2479
1452 1 1180 87 entq nadrd ving Bouré

1883 75 183 119 Aefin

865 311 1831 146 at mie Sept cent quatre vingt deruze Ler endrdy Vingt

654 510 773 119 Sx otobre du matin.

658 734 2076 115 dans le Ressorl de la Man palite du Sert Bombon puroine

785 594 1924 157 Par Devant moy Jan baptiste toussin Notaire du Roy

650 853 2073 122 notre dinnue de lisle de France et les lurivint cy apres nomme

655 970 2057 134 Sommee pauline negresse nmalgache affrenchie dee M. Castan

679 1111 2061 122 Tzonvée dans uue Case en palissade Bordée en Planche Couvere

662 1271 2031 119 En paille on elle fait su Residene ardinaire, Sequelle est attaqe

639 1413 1977 143 de la petite Vérole ansi qu'ni ont pu Jnger les notaire et

2766 1481 54 46 ar

687 1545 668 125 Tenoins Loussigné

777 1660 1957 130 Enquelle dan Lavoii de la mozt et erayant dan etre Seprin

657 1776 2003 149 fis avoir fait Connoitre Ses inteutions et disposition

650 1914 2088 175 nous a Requis de Reuvoir Sous sentements quelle afait, nomme

2729 2014 20 43 8

653 2052 1481 180 Et dectes ansi et la memoire quil fait

2193 2092 337 92 a dute
