3442 2479
1088 279 433 84 Pard ivant

1574 304 1635 125 avus Pierre Jnçois Deriaud Notaire pulitie

767 399 593 105 a l'Jsle de france

1371 424 1814 172 doussigné et ln Pretence des temoins Cxaprer

774 521 458 101 Mumenes fus

1264 568 227 77 Reseut

1512 577 792 129 Le Sieur fecrucoir pole

763 647 845 113 defette ville elu port

1643 689 1056 119 lenus y dimeurant ple

2309 619 984 104 1, forduuies et Citoyen

988 776 2295 145 Lequ'il étant au Lit malade ee Corpt Cemme attémt

2762 734 303 104 Louis

783 888 2449 140 dune Blesure Dangerecesse Gistant Daiis une Chambre

768 1028 2525 120 de peudante D'une Maison aleis apparteneente siivrue ele

801 1155 2555 123 la petite Montagne de feur vicce, toute fois sain d'Esprit

3373 1245 53 44 4

769 1282 2542 126 Menioire JJugemccet ainsi qui lest apparie anvus

768 1413 2555 122 dit Notaire et aux dits temoins, Le quel Cracquand

3377 1470 47 57 6

776 1545 2529 99 les Siuites ces la matadie et ventant Miittie ordre

774 1666 2508 107 a Sis ceffaires, afait Dicte A Nommé aseuue dit

767 1780 2557 124 Notaire et au dits temoins, de Présent tun testament

790 1906 891 122 acesi que Suit

1151 1987 2044 157 Premierement Veuit et Ectend le testateur

796 2147 2432 176 qu'en lat de decer de la part bous les biens
