2942 2479
1336 1 1037 154 Pucquante cuviece feuiltet

395 201 2534 147 Denx cclosent du Destent du, Porttou  domiciles de

358 353 2488 113 lad alle lemoins dreques appelles lesquels out loue avec led

2862 436 34 41 8

380 487 2535 114 Tostateur et uvres d notaire le present testament, eluy per lablement

2300 451 64 36 —-

352 583 2581 140 lu et Retu mot a mot ausun testaliar que a declare bien lelaled

356 710 2530 134 Qu il Coutant sa ibre, prere et Ectiere volonte qu'il veutet

2273 688 28 65 1

2313 717 28 36 1

358 858 2542 99 exemte en tout tou Centenr, et y persister Revoquant tous

334 981 2581 118 autes testament et codente quel aumoil que faire avant celuy cet

355 1092 921 150 auquel leut et lanele

612 1236 2301 166 Pait a grasse double suevant l'edit. Au Lorllous

323 1417 2559 115 Jle de France en lalemeure du d. testateur cy devant denque Lau

369 1553 2435 110 Mil sept cent quatie vrugt auze le aeuviene jour du mois

364 1688 2516 112 davil levheures du oit des deut minutes et presenté Lunr

2424 1689 96 31 1

342 1812 2431 107 ett pour ete Euoiyye au l'Puree des charter à Vessaille et

2030 1805 173 34 àenpuranq

385 1940 2339 156 Suate Bcholre Du Ent touis Jle de France te dousl

355 2096 2390 104 du mere aiois par derviir que a Reni Quarante sois et

2223 2079 34 39 —

2272 2072 116 68 y

2667 2065 82 69 6

344 2187 2577 143 dexeuve en poemou de M^ Douaiu lun ses aotairr Soassigue

349 2366 1004 81 que a deline la presente

1212 2316 181 61 naffs.

1426 2350 1338 111 expedelion, ajour d'luy dex hui

1807 2324 17 59 7

2127 2439 35 35 -
