2376 1646
335 8 1698 73 Eer presentes qui à la Réquisitien de la d^e Dace Joui demeuse

319 88 1775 78 Eute Les Miir de M Chartiail Notaire Soussigne qui Sene

312 183 1790 80 delontairement Charge Pouu en faire lu Réprésentatior à qui dedgon

288 269 1681 94 Aicusy fique V^° Guy, L.7 Prevort, Thomair & Charteai.

956 360 1156 72 Jles ainsi signe en l'osiuquat demuire annere

920 440 1193 73 à la Mieuite de Laite de Depot det'utre Pes

923 513 1187 75 Le tous Reste eu la Popesiin de M. Parteau l'un

909 585 1201 68 dere Pre Joussiqnét quiru délivre ei presents

916 658 1188 68 A Joud huy vingt deux Oitibre mit Sept

915 726 1104 85 ceur quatre vingt douse, Sigue Chaste

722 837 1336 101 M rrgistre par moi Commes Greffra Jusé de

877 923 1216 89 Jurisdiction Royale det Jsle de Ftance Soussigne

844 993 1229 87 Sur une expéditon à moi Ré presentée a l'icnstant rende

849 1056 1208 112 aprie maction Seaite Sur Jelut eu presen Erégistre

869 1148 1160 115 Ausort huii lJsle de Bauie Le Viigt

828 1223 1235 136 quatre detobe Smit sept reui auutr Angt den

2124 1236 18 37 1
