2983 2479
622 1 1351 89 lva seu, au Sspeur Duqnntr vet jqne

615 17 2308 170 de note aposition de fule de le pur Mssicedy Vingr quare ortotre 170r

621 190 420 118 Signé Sinc De

733 236 2186 173 Duquelle or deux Pour Reclabement Cifsisé Vosita si Gréset

621 337 2295 157 Risphéer nevasictur du dit Se Commpetent Résuie dedntoine Sonsiime rledit

613 437 2283 178 Mᵉ Dalu fut chasydepour dicelles et des posendits dehé aqui il

614 550 1615 170 appartiendss tout Eape ditirequiseset Merefraie.

719 632 2072 169 vont aite foit et Assd doucle selon ledit au Port Louis Jsle de Fome

617 764 2219 143 Enl'ésadd le Misesedy d'nt quolte delobre Mil sext feut quose Jn el

609 859 2197 131 apu Midy et afique apies foctue foitr sami les moset stée

617 954 2002 135 Eulapofstion de M^e Balu llun des notoies sonsiiqe sur lagnete

604 1030 2184 151 Aünute ert asit Conrott au Vort Lonis Jale de france se Vingyvinq octotre

611 1123 2121 152 Mil sept Cent quatre Vinor donze signé send qui a maigne len Pnge

607 1271 152 106 545.

1093 1330 845 124 Pait La levur de L'onnair.

1030 1477 821 86 Piodition à min lostament.

617 1649 2122 113 au dessous ent seit Signé et Pasaphé mnicten ce Meserny 24 P^t 1792 Signé

924 1546 1680 139 A Mousieur Bondut Voiné rui des Liiises . au Pit

607 1744 2125 102 Sunes plus bav est desite cerifie Vesitable Signé et Seraphé audour de l'ois

578 1845 2139 83 de depot de cejour mesiredy vingt quatte octobre Nil sept jeut quatie Vingt donze

582 1904 1056 105 après moy signé y Rendret et Balu.

471 2001 45 71 1.

542 1996 2166 91 Vagt addition e mon testoment aau par M^e Besu notaire présence ae t'emoins

690 2067 1881 110 de hespt ax du prurent ason daril Mil sept cont quotre vns doux.

647 2163 2038 125 ya donne et le qula Noureur Boudu Voins, mon Pouteur lstonoe
