3508 2371
2159 189 363 135 TeSamer

548 342 73 57 [

420 383 29 74 4

692 351 87 83 22

1059 375 2311 161 le dix ortotre ul sept ceu quatre vragt soure avan t andy

322 492 592 99 jet aureutt de la

1007 497 2342 112 dévant es peur Ne Docher pétre Eure se Seglise pasersialle det

391 591 542 93 Marquerite.

1011 601 2406 94 franceors sa Promptemouse Jsle se franc sul presente marquerits mu lahere lebre

287 663 566 127 Mu Patatre lebre

991 695 2277 91 affepucle defea laus ftutry cherarque molade eler M Josepl Marie

976 791 2188 94 le barbier prepre aux setaite su jardecn du Ruy le mon plasser mar

766 874 20 62 8

986 852 2378 104 eapable enore par la metare de lu Eprel de duter les Volontes cequelle

3406 898 44 51 1

989 940 2374 97 à farl, deté et uvrume de la maniere suivante je Jonne a Routieur

970 1018 2349 105 Vouste. Dnire Machant au pool tour de lat Jils la Lomme de Deux

951 1107 1063 79 autte teret plus Je donais acte heur

2044 1122 1315 93 Jorepl Masu le barbas le Deste

953 1176 2481 143 detor mt bant mcubles et enmeubles peuu et avecur poses e cacpterfes

968 1248 2056 161 uivaur les Jnleations et sela marcer que Jslur ai maaefestiet

956 1338 2357 159 nomme Aousieur grerie boire maitre de musique pour exenchur sa

3118 1317 73 99 le

3226 1354 23 54 8

943 1417 1521 136 mon prescal testament a l'anoim plessemenduquel

935 1485 2395 194 trent mecuttes et unmaables et Revoque tout aules testanet el codiules

2566 1479 623 122 Tafficle tous mas.

935 1562 532 81 que Japouriois  avoir

1489 1605 988 98 fait avau icetui cy auquel hut

915 1630 1551 144 etantur desaiere voloite ce ful accti fait decté

2541 1655 789 104 le aarrele evoue

945 1695 1867 196 testatur etaquelle aous avont les et cele lae préssat testament

2506 1724 349 99 al avure

890 1751 1751 248 bien catendé et y a perteste en preteace de Ritieur Santoine

2898 1763 345 78 par leset

2866 1841 424 113 qu elle adit

2693 1906 269 122 franchet

3122 1965 164 78 —

25 1188 25 59 1
