2817 2479
1887 77 710 128 Vestateur aud S bren

2642 132 51 109 1

727 125 1135 204 Jlan donne et Legue en outse le sieur

644 206 1952 209 La moitie de son Linge de lorps et detable avec quatre Con

650 300 1949 219 et une Cuitter a potage, instituant Les Sus nommes a let Ef

648 480 926 130 pour Set Legataires particutiey

736 482 1859 201 Et Le surptus de sel biens Le dit Testateur declare lu

651 599 1942 163 donner et Leguer en quoy que te tout puiste monter staul en

651 707 1948 148 meubles, qnmmeubles au SSemon de la lue marchand Conatien

650 813 1950 151 lee danglcterre a orteaus son frere, quel nnstitue par le presu

659 924 1937 137 pour son Legataire uiverset a la Charge d'acquitter ses legsle

650 1053 1947 96 des sus faits, preant Son Executeur testammantaire den fair

650 1152 1945 123 delivsance pour en faire et disposer en toute Poprièté a faut

650 1254 980 83 du dices de lui dit testateurs

747 1334 1855 110 Et pour Eecuters le present son Testament le St testateur

646 1436 1947 98 a choisy et nommée la pertonne du St Venant Beange

648 1509 2007 142 m^ Boutanger de Cette ville quil a fhoisy pourr tou Exeut

648 1603 1927 143 Testamentaire Le pteant de lut dendre le Service Se dessaise

650 1695 1974 142 a Cet Effet en ses mains de tout Ses biens suivant la font

640 1789 1959 165 auquel d Sieur beange le bestateurs dectare Leu donner le

648 1890 1934 171 moitié de son Linge de Corpe et de Table une luister à

650 1970 1190 141 Lagout le quatre touverts deisgent

644 2068 1940 218 pour dectompeuse det peires et foins que la d Evecution

1856 2052 739 128 quil le Be d'Aumptos

657 2153 545 91 lui Oecavionnera

776 2242 422 115 Cefut ainsi

633 2350 942 113 au dn Beton et aux Se

1228 2284 1112 179 fait et decte mot a nmot par Les

1654 2408 11 69 1

2376 2393 216 84 Testater
