2479 2625
1555 196 506 114 Soixaute et qua

2106 243 216 85 tiene

609 315 1766 140 Soha paige La Somme de trois Mitte Lipres Chargeant Lou Exreution

624 418 1474 134 Cgaprè Nommé de Colliciter faire aupist de e

609 533 1513 145 Cdimmistiatur  toutes LesDinari henicissaire.

2171 476 270 105 M. Le

774 653 1607 168 Domme Le Testateur pour son Legataire mivensel

612 786 1763 164 Le S. Glond &vait qu'it souise, fane l Disport dud. Lega

621 907 671 110 En toute Propriété.

919 1036 1433 137 L Noume pour son Peiteur testamentaire

630 1171 1713 141 le S. D'housy Maitre Perrequier & Lui Forne Le

604 1284 1694 167 Domme Aasiese de Caste Mizambique pour les teur le

580 1408 1664 123 Soit qu'il prendru pour l'Execution du present testament

733 1503 1543 140 Leclaze qu'il Reveque tous autre testamen

593 1589 1013 123 Roduils autézieure Dan Présent.

827 1701 1468 130 At apre vavoir Lu t Relu Le du lesteement Le

583 1799 1715 142 BRoussant a du ypesiisteer cermme Contenant ses vesitables

576 1894 788 105 Et desuièses Jnsluitionit.

770 1993 1437 118 fair Lex de Jour Van En Preseue de Jean Suncoi

599 2086 1621 121 Le Corq Chautre de la Darcine demeurant Rüi zoyole ld

602 2184 1614 120 Vulien Risisen demeusaut Rie de Coude touuit du

569 2270 1638 117 teemvmt qui out Signe avec le dit testatur et nou Notaire

569 2347 1588 121 Ansy Signe toussaimt Rivesin. Jean Sumon Le Cery

569 2451 1615 104 E Chasteau de Balyon. Cestiffte vesitable Signé de

567 2555 1045 68 pasapthe au désir de l'Dite reu paur a
