3450 2479
1229 1 1018 102 Gourgrois de filte pville

2283 1 81 26 1

1214 74 1117 124 en Sa enaeson. Jur le Ravin

2355 1 1052 128 du pare auD Postuit  75

1184 39 2228 257 dre Etant Leous Rvous trouvé Le d Toufsant Gistant Sur Vou

1213 151 2187 238 Lie dans une fhambre un det de Mausse aeyaut Entre pars

2585 242 804 122 dlspfrie namoire et

1216 342 1331 131 sa tour malade de lorps mais dan

1206 355 2193 212 entendem Lequel nous a dit quil et dans l'Jntution de

1203 461 2190 228 faire son Testamment et Oidonnane de dermere Volous

1143 579 2239 183 hourquoi ca deffereut dan de nos lonfiere nond avons

1195 684 2201 209 foir appeler deux temoin ln presence desquels eaprès

1205 779 2187 212 quil eM apparie ausd temoye tomme a nous sa diy

1216 870 2191 212 et Entendement Il nous à joit et dicte sout d Testamite

1249 1071 665 120 Ansi quil Sutt.

1333 1096 2023 191 Dectare Led Destateur quil ett de la Rcligion Cathotique

1187 1224 1706 169 Apostolique Et Romaince et quel teut y Resourer

1392 1289 1973 192 Dectare quil Maie a malex éevant Voiton Provence de

1183 1393 2221 188 Lu Dembourq Evcle de Trever et quit na que des Sarent tres

1192 1576 292 129 Norgue

1481 1611 1854 144 leul le testateur que la N^e nanette Treole de lasta

1199 1733 2187 133 matgache pour recompiuses de ses Servise et etes Semes et Soins

1195 1819 2191 124 quette à en pour lui de pis depaus suit a franche eonst

1200 1910 2146 208 de tous les priviligue de la Libarte poitrquoi et lui

264 1684 145 125 le at
