2917 2479
1041 207 62 89 42

899 254 1927 166 dit M Chaste f'en Est Charge après quelle a eté de

717 402 2023 129 d St Comparant tertifos Veritable segné et paraphe au

683 531 1305 105 prucenie ded notaite Soussigner.

962 678 1859 162 Pait ee Passé Ruport Lauis Isle de Fracce en l'étuu

714 845 2106 88 Len mil Dept ceut quatrevingt douze le trois novecmbre

710 935 2111 92 après midi et à le dit Snt apris Lectur faite Signé leB

716 1015 2115 99 deu fmisuter Seuvael lede tannsy figué doury durre

720 1090 2092 141 d Chasteau Enemarge de la prenyel iminicte et lcrit

740 1180 1566 110 Controtté Au poit Louis Jsle de france le 6.

743 1262 1083 105 Servier, qui la decu 40 fol

2319 1249 73 95 9

2396 1236 428 117 1792 equi

966 1462 237 87 iiit

1298 1452 685 86 La Deneur

2024 1472 745 89 de lNnnere.

2662 1557 113 83 2

835 1685 1993 143 Lon mil sept Cent quatre vingt dex le donze moit ling heur

765 1766 2065 148 et denie de Relive e la lequefition du Pet senbagtiste toussan

772 1852 2032 142 Gourgeis de fette li ville aons nous fommer Transporté

776 1951 2037 139 E sa auaison Jur le Resir du pare austostuis n° 738a

772 2024 1152 96 de Etant Lious Avous Tronvé Led

782 2107 2024 150 lit dans une Chambre un lit de Phauste aijant Entre par

1936 2061 883 121 Aoufsanet Gestaie Sur lou

790 2185 2011 157 sa tour malade de lops mais dais d'Esprit memoire et

782 2271 2026 169 Entendem Lequel nous a dit quil ett d'aus L'Intention de

793 2342 800 101 faire Son Testamment

1616 2367 444 110 et Ordonnai

231 1779 25 74 4
