3158 2479
2611 1 33 29 44

870 1 1697 111 d^et Exeuteur testaiieatare prelioe celte somie our les

870 104 799 88 bans de la Sucuistion

1083 162 1997 147 de uonau pure Exéitet lon paseul testamet Lapersonne

849 287 2198 156 de M. Durear de Vauleconmte trabetan du Quertier ses psaires de

862 414 2174 123 Villeumr et mains duquell elle se destaite deses bart vuivanta

853 520 312 102 Ciiteur

1006 615 2037 87 Ceful acmse fait dcte et urace auy de notaire ct temoins

2368 590 17 42 4

848 735 2198 92 par lad^e dame testaturr que adectare que la pusicle desporchou contenont

826 820 2210 123 dou Jubation et acte de Dereure volonte danslesquellis elle perseste

855 929 2181 113 Revoquan tous tesarme et codrecles qu'elle pounoit avorr fale

841 1053 2234 105 avant u pasente que outéte qavres en trive lentaffambre lus

816 1133 2229 112 dinque dela lesalue en pesencelde Nisieur teauathie Josepli ca setia

824 1211 2174 146 pacte et Jeau Pap^t Verrur Ediptyé aux Ruriaut de létal

779 1309 2208 145 temries tous deux demeuran Riie de la Ianigre pl t Beroine Lun

804 1408 2183 156 hau Mil sepr cea quatie vingt dousi le Seanme Jour damors

790 1520 2223 151 da lepleutre a deuz leeures et denta de Mélivie et a laS^t Dame Levatuir

785 1609 1367 130 Sigue dou Jaiseul Lestament aprés lui avors

749 1705 2225 214 Srn l'un apres tautre et avoir dit et dectare danousee persiste

2189 1676 832 113 éte lu el lila un

793 1820 2231 212 euton Sertenr cormme Sontenant ses dernurce volontes acute ligui leu

1235 1805 73 62 2

786 1914 1683 176 Louqumal Ne sequart  N verrier castelu il De

998 2006 1910 222 I est ainte lau trevil ouquat du testanment cy dessus

800 2120 2196 211 tansiel contronte par senir qui a Marque avoir Bien Juaranle

2525 2071 273 55 le76.

2794 2049 113 48 d

2919 2046 14 48 4

779 2202 477 84 Vola le I.7

1384 2203 111 132 292

796 2320 488 74 hun de Rastaine

1546 2253 639 119 el depré pour M

765 2377 311 100 lestamentair

1298 2348 643 103 Vousteques par le sienr

2005 2381 190 95 Dusea

2266 2316 321 81 Sa Ro.

2689 2323 243 106 d'Jsle
