2508 2479
23 0 229 57 afe

710 0 248 33 V

17 19 668 95 ela arau tormie de Dra

12 82 675 87 ele coqantvingt qualie leores

709 17 1792 130 Dyrendia en Javeur au lurvivant la pamure sours e

16 162 665 73 pour cestant dau panur comple

703 137 1802 142 vecla pour avoir lieu comae Sel u'y avort paul eu det

17 214 655 98 Saitet le cotte que l'as tore

28 302 321 68 due perepere

1779 254 91 82 6

92 342 609 67 les d'lesdeur afil set anne pour

918 265 868 130 Et pour faire en tenue V

19 402 684 70 la ecuter testet lur la perde

17 455 668 75 du leudaS^ Jagt labitant du

24 513 761 68 cestond le le Rivare du caltitaris

30 564 759 73 le Mant pevant lagte de tenité

1413 495 1085 110 Erregistre Suvemur ommes quffjet

23 626 655 77 qu'il leuil a lopuur hourque de

16 681 1142 86 vouhir tres sagter letre sarge, ce dousa duch avaine

1322 601 1181 116 de la Juri decton Dossale Del Jsle de Franc

134 742 1146 88 Par aan a ele pit, daté el comme par led testaleur a M^ᵉ Jan

1312 736 1191 105 Voussique Sur Rapedition acor Repreautre

46 804 1241 93 lepleste louie gésrat en pressnce det teor uingne Jn de Epllrs

41 875 1242 98 d Mlques Et apres queliet testamemta été lael cela au nt

1318 842 1187 104 a l'Jnstant rendue après ucnation faite suvculle

38 939 1998 92 opres tautre aud testateur lud^t téiome pusir, l adatoré y du pesent Cangisteae

52 1026 1210 68 pressistes et che ue decnure ortontes  fal et pra aiste

37 1083 1292 76 dutit dud. testalear dane ptusd appastelant alaville Coque

1477 1032 1028 105 Du Verlouis Jsle de france le

63 1132 2442 104 le andy angt cing septenta fuul sept lat quateviagt dare sun teie ortotre Mil le prut Qualu vingt ot

53 1206 1234 85 heuree, de vlevre, la presence dclieur frsion, etinen habitant à la

68 1269 1208 75 Rivar dis cettetan el dutard en dece quarnd diquaen

64 1326 1183 78 sur leteur laly cantond dit palaplemoushe teniar ppelles sel

64 1385 1208 88 Reques Squé aut iegaé civle led lestaleur et rose avlgre led

70 1451 1103 85 Lesateur ayou latre fol brac, n'opre leques que de le

1192 1462 28 33 —

60 1495 1158 99 aare qu brlevoit au present e presndn de leur touses sul

56 1583 1118 76 hataime temons pour ce appelles il reque el asique

74 1625 1155 92 acuse requé Miatie, garnés chrediuu, colelil Levn Nr

1199 1625 1223 103 Le u Corteant au Condition d de Maiian dt lals Se

66 1693 1101 111 plls ter es Eul Jonhrolle ou polhirs Jsle de France le 29.

1220 1711 1245 90 Claud d Micolée Bary montond ln felle Jrn fets moyen

41 1782 986 95 Net, Deur Juarante lle nque Seuvi

1206 1790 1253 99 de se flange burx le defrare Demoine Jeerine Goutte

322 1871 863 103 Enregistré paveur Poruvaime quffat Jure

1196 1866 609 95 natef Le Fhotone 06

293 1963 920 90 deta paris dection Rafobe de lJsle de France tegne

1198 1977 1249 91 Demiselle marie Franmaitse la Bour flolie miseure

289 2023 870 96 ens l'ougenalamos Cce penale et al'Jnstat

1194 2053 1239 87 Lefieuer heny Lobeue hobitent le pelle sre Et dumd

272 2104 2165 103 Crend oprès meation faite lesclay du prenat Jurune l Rou son Epout e lde de moise leve soit

289 2170 311 84 Eregistrement

1167 2196 1164 94 de sepour stanie, le d Contrent de Maniix

410 2254 766 81 Au Pottoure Jsle de France le

1194 2284 1232 106 Roppoté Vai M^e Greuband notaire Le Jon Confe

294 2335 913 75 heire oitshe aul ceapeet Quaterrag vouse

721 2430 98 47 1901

1181 2388 35 66 2

1238 2361 1158 95 ei le a gerd minutte le Veset fer tont mil
