<?xml version="1.0" encoding="UTF-8"?>
<alto xmlns:xsi="http://www.w3.org/2001/XMLSchema-instance"
      xmlns="http://www.loc.gov/standards/alto/ns-v4#"
      xsi:schemaLocation="http://www.loc.gov/standards/alto/ns-v4# http://www.loc.gov/standards/alto/v4/alto-4-2.xsd">
  <Description>
    <MeasurementUnit>pixel</MeasurementUnit>
    <sourceImageInformation>
      <fileName>JK10_2.pdf_page_24.png</fileName>
      <fileIdentifier>pdf//JK10_2.pdf</fileIdentifier>
    </sourceImageInformation>
  </Description>
  <Tags>
    <OtherTag ID="BT7" LABEL="CustomZone" DESCRIPTION="block type CustomZone"/><OtherTag ID="BT8" LABEL="DamageZone" DESCRIPTION="block type DamageZone"/><OtherTag ID="BT9" LABEL="DigitizationArtefactZone" DESCRIPTION="block type DigitizationArtefactZone"/><OtherTag ID="BT10" LABEL="DropCapitalZone" DESCRIPTION="block type DropCapitalZone"/><OtherTag ID="BT11" LABEL="GraphicZone" DESCRIPTION="block type GraphicZone"/><OtherTag ID="BT12" LABEL="MainZone" DESCRIPTION="block type MainZone"/><OtherTag ID="BT13" LABEL="MarginTextZone" DESCRIPTION="block type MarginTextZone"/><OtherTag ID="BT14" LABEL="MusicZone" DESCRIPTION="block type MusicZone"/><OtherTag ID="BT15" LABEL="NumberingZone" DESCRIPTION="block type NumberingZone"/><OtherTag ID="BT17" LABEL="QuireMarksZone" DESCRIPTION="block type QuireMarksZone"/><OtherTag ID="BT18" LABEL="RunningTitleZone" DESCRIPTION="block type RunningTitleZone"/><OtherTag ID="BT19" LABEL="SealZone" DESCRIPTION="block type SealZone"/><OtherTag ID="BT20" LABEL="StampZone" DESCRIPTION="block type StampZone"/><OtherTag ID="BT21" LABEL="TableZone" DESCRIPTION="block type TableZone"/><OtherTag ID="BT22" LABEL="TitlePageZone" DESCRIPTION="block type TitlePageZone"/><OtherTag ID="BT421" LABEL="text" DESCRIPTION="block type text"/>
    <OtherTag ID="LT7" LABEL="CustomLine" DESCRIPTION="line type CustomLine"/><OtherTag ID="LT8" LABEL="DefaultLine" DESCRIPTION="line type DefaultLine"/><OtherTag ID="LT9" LABEL="DropCapitalLine" DESCRIPTION="line type DropCapitalLine"/><OtherTag ID="LT10" LABEL="HeadingLine" DESCRIPTION="line type HeadingLine"/><OtherTag ID="LT11" LABEL="InterlinearLine" DESCRIPTION="line type InterlinearLine"/><OtherTag ID="LT12" LABEL="MusicLine" DESCRIPTION="line type MusicLine"/><OtherTag ID="LT316" LABEL="default" DESCRIPTION="line type default"/>
  </Tags>
  <Layout>
    <Page WIDTH="3408"
          HEIGHT="2479"
          PHYSICAL_IMG_NR="23"
          ID="eSc_dummypage_">
      <PrintSpace HPOS="0"
                  VPOS="0"
                  WIDTH="3408"
                  HEIGHT="2479">
        <TextBlock HPOS="625"
                   VPOS="0"
                   WIDTH="2276"
                   HEIGHT="2080"
                   ID="eSc_textblock_f3502353"
                   TAGREFS="BT421">
          <Shape><Polygon POINTS="625 0 2675 0 2471 11 2702 33 2708 86 2653 143 2675 252 2603 330 2664 396 2669 455 2520 516 2333 538 2509 545 2658 600 2669 698 2642 731 2675 743 2686 808 2669 824 2395 846 2285 880 2261 918 2285 969 2625 991 2675 1002 2715 1052 2763 1002 2834 1239 2823 1298 2862 1366 2856 1530 2830 1568 2825 1509 2797 1491 2768 1530 2680 1546 2283 1596 1883 1601 1760 1623 2350 1641 2439 1669 2873 1691 2901 1915 2856 2003 2026 2020 1765 2080 1653 2080 1557 2053 1509 2064 1497 2047 727 2058 721 1878 826 1812 808 1772 732 1750 688 1711 672 1178 688 1140 754 1123 677 1111 661 848 803 815 809 787 781 736 644 698 625 0"/></Shape>
          <TextLine ID="eSc_line_8df06358"
                    TAGREFS="LT316"
                    BASELINE="637 68 772 60 924 38 1296 11" 
                    HPOS="632"
                    VPOS="1"
                    WIDTH="664"
                    HEIGHT="78">
            <Shape><Polygon POINTS="1267 1 1253 1 1239 1 1225 1 1212 1 1198 1 1183 1 1169 1 1155 1 1141 1 1128 1 1114 1 1100 1 1086 1 1073 1 1059 1 1045 1 1038 1 1034 2 1031 1 1031 1 1019 1 1012 6 1011 9 1006 6 990 1 978 1 962 9 949 17 935 11 918 4 917 4 916 4 867 8 866 8 865 8 865 9 858 15 847 26 800 23 798 23 716 37 680 24 679 24 677 24 632 26 637 68 637 79 774 77 775 77 776 77 786 71 794 66 816 68 838 71 840 71 841 71 859 66 891 55 900 61 900 63 902 63 903 63 905 63 906 63 907 63 907 61 909 61 918 50 973 48 983 56 984 56 986 56 987 56 989 56 990 56 1009 44 1041 48 1042 48 1161 31 1202 31 1213 39 1214 39 1216 39 1217 39 1219 39 1221 38 1248 30 1294 33 1296 11 1279 1 1267 1"/></Shape>
	    <String CONTENT="desriere Les Caseanes pa"
                    HPOS="632"
                    VPOS="1"
                    WIDTH="664"
                    HEIGHT="78"
                    WC="0.9926639075080553"></String>
          </TextLine>
          <TextLine ID="eSc_line_6d0899ea"
                    TAGREFS="LT316"
                    BASELINE="640 250 785 242 979 209 1132 191 1520 158 1927 114 2326 81 2573 68" 
                    HPOS="635"
                    VPOS="19"
                    WIDTH="1938"
                    HEIGHT="244">
            <Shape><Polygon POINTS="640 250 640 263 764 256 765 256 778 252 803 241 902 239 942 238 943 238 956 234 1005 217 1198 201 1271 203 1314 205 1315 205 1460 191 1461 191 1475 184 1482 180 1490 183 1505 187 1507 187 1508 187 1669 172 1670 172 1699 162 1732 151 1760 157 1786 161 1788 161 1789 161 1834 148 1880 136 2053 128 2093 125 2148 118 2318 97 2366 97 2410 97 2412 97 2413 97 2425 92 2434 88 2446 89 2485 96 2486 96 2573 77 2573 68 2567 22 2511 19 2509 19 2508 19 2483 30 2475 34 2454 33 2401 30 2399 30 2398 30 2350 42 2345 44 2343 44 2283 35 2282 35 2281 35 2230 55 2220 57 2208 56 2139 49 2137 49 2060 56 2059 56 2019 74 2012 78 1968 81 1954 81 1867 74 1866 74 1865 74 1814 93 1807 97 1669 108 1664 108 1636 103 1635 103 1582 114 1551 104 1549 104 1548 104 1512 107 1511 107 1427 130 1420 132 1413 132 1336 123 1334 123 1256 139 1237 133 1235 133 1234 133 1125 143 1060 152 1059 152 1022 169 1019 170 973 173 914 177 862 169 860 169 859 169 823 188 822 188 782 191 743 180 742 180 741 180 739 180 694 199 692 201 635 205 640 250"/></Shape>
	    <String CONTENT="de la Courr de la d^e Maison, Nouss y avous houve la dite Dume c uve"
                    HPOS="635"
                    VPOS="19"
                    WIDTH="1938"
                    HEIGHT="244"
                    WC="0.9688520335099277"></String>
          </TextLine>
          <TextLine ID="eSc_line_e6e980cf"
                    TAGREFS="LT316"
                    BASELINE="644 338 752 333 1168 279 1432 257 1653 229 1894 214 2136 184 2434 159 2589 155" 
                    HPOS="639"
                    VPOS="107"
                    WIDTH="1950"
                    HEIGHT="262">
            <Shape><Polygon POINTS="644 338 647 369 735 362 736 362 739 360 770 345 814 352 815 352 816 352 821 352 953 320 989 329 990 329 991 329 993 329 1040 315 1077 325 1086 326 1088 326 1089 326 1103 322 1172 297 1230 293 1276 302 1292 305 1293 305 1294 305 1321 298 1367 285 1443 285 1497 285 1498 285 1730 261 1731 261 1750 252 1763 245 1823 235 1885 236 1889 236 1891 236 1892 236 1894 236 1923 223 1961 228 1986 232 1987 232 1989 232 2007 224 2033 210 2187 203 2248 190 2270 195 2274 196 2275 196 2277 196 2278 196 2283 194 2304 183 2405 181 2423 180 2424 180 2431 179 2465 169 2500 170 2544 173 2545 173 2547 173 2589 161 2589 155 2584 107 2413 123 2403 123 2277 108 2275 108 2148 139 2060 130 2059 130 2058 130 1958 165 1935 173 1796 185 1779 181 1750 172 1749 172 1748 172 1746 172 1706 188 1701 190 1697 188 1659 179 1658 179 1657 179 1655 179 1606 192 1469 202 1378 199 1377 199 1121 225 1119 225 1088 242 1048 249 984 260 972 256 958 252 957 252 956 252 954 252 938 258 898 278 738 293 694 282 672 276 670 276 669 276 668 276 639 286 644 338"/></Shape>
	    <String CONTENT="Guy ainsé Sur une Chaise, ma lade de Coxpit, mais saine d&#x27;Espoit mmoie"
                    HPOS="639"
                    VPOS="107"
                    WIDTH="1950"
                    HEIGHT="262"
                    WC="0.9835538025413241"></String>
          </TextLine>
          <TextLine ID="eSc_line_2a23f82f"
                    TAGREFS="LT316"
                    BASELINE="650 420 796 411 1420 351 1637 337 2002 294 2409 256 2589 246" 
                    HPOS="646"
                    VPOS="203"
                    WIDTH="1943"
                    HEIGHT="250">
            <Shape><Polygon POINTS="650 420 651 450 681 453 683 453 684 453 698 446 709 440 741 442 753 442 754 442 756 442 764 439 822 420 903 413 943 421 960 424 961 424 962 424 980 417 997 411 1009 414 1031 420 1033 420 1034 420 1281 396 1282 396 1308 384 1319 378 1429 363 1495 364 1584 367 1585 367 1670 359 1672 359 1715 342 1734 334 1874 326 1916 323 1947 319 2049 302 2125 301 2136 301 2176 311 2177 311 2179 311 2281 301 2333 296 2334 296 2402 272 2413 269 2424 271 2465 276 2467 276 2468 276 2493 264 2496 263 2500 263 2525 267 2526 267 2589 253 2589 246 2582 203 2421 218 2417 218 2355 207 2354 207 2352 207 2293 231 2290 231 2282 231 2213 231 2212 231 2139 245 2131 246 2128 246 2045 234 2044 234 2042 234 1946 264 1942 264 1935 264 1829 263 1827 263 1826 263 1777 279 1777 280 1743 283 1544 300 1504 296 1502 296 1501 296 1449 309 1384 301 1383 301 1381 301 1334 314 1279 307 1278 307 1276 307 1190 336 1188 336 1187 336 1104 323 1103 323 1102 323 1042 338 1004 333 1002 333 754 356 753 356 646 386 650 420"/></Shape>
	    <String CONTENT="e Entendement, aiisy qu&#x27;elle noust a appasiie Vaux temoin Dy a près nomme"
                    HPOS="646"
                    VPOS="203"
                    WIDTH="1943"
                    HEIGHT="250"
                    WC="0.9850822197247858"></String>
          </TextLine>
          <TextLine ID="eSc_line_e308e61f"
                    TAGREFS="LT316"
                    BASELINE="648 506 2299 347 2570 331" 
                    HPOS="644"
                    VPOS="279"
                    WIDTH="1926"
                    HEIGHT="259">
            <Shape><Polygon POINTS="648 506 651 538 754 527 756 527 816 505 1091 495 1129 493 1130 493 1137 490 1203 464 1405 446 1469 454 1471 454 1472 454 1520 433 1765 411 1789 415 1790 415 1866 402 1943 410 1962 411 1964 411 1965 411 1990 404 2015 399 2035 400 2066 403 2067 403 2125 398 2126 398 2157 388 2226 366 2403 360 2414 363 2436 367 2438 367 2569 347 2570 331 2564 287 2501 279 2500 279 2395 298 2305 298 2304 298 2157 326 2139 329 2131 329 2059 322 2058 322 1983 329 1982 329 1939 347 1918 349 1866 355 1859 355 1825 351 1823 351 1822 351 1779 362 1774 363 1771 363 1735 355 1734 355 1732 355 1703 369 1658 374 1607 380 1602 380 1552 370 1551 370 1522 373 1520 373 1519 373 1490 389 1395 388 1394 388 1392 388 1333 404 1192 404 1191 404 1190 404 1155 422 1154 422 1152 422 1129 418 1128 418 1082 429 1074 431 1070 431 1019 421 1017 421 902 432 900 432 809 455 801 458 644 471 648 506"/></Shape>
	    <String CONTENT="que noust avouit ox prist demaude à défraut d&#x27;un de noit Conftere sla de de Juy"
                    HPOS="644"
                    VPOS="279"
                    WIDTH="1926"
                    HEIGHT="259"
                    WC="0.9562446320358711"></String>
          </TextLine>
          <TextLine ID="eSc_line_b824c5b4"
                    TAGREFS="LT316"
                    BASELINE="647 594 1800 486 2126 468 2483 436 2598 432" 
                    HPOS="643"
                    VPOS="386"
                    WIDTH="1956"
                    HEIGHT="237">
            <Shape><Polygon POINTS="647 594 648 616 681 623 683 623 882 605 884 605 917 594 943 585 983 588 1012 590 1013 590 1049 582 1129 564 1203 564 1205 564 1294 549 1334 557 1336 557 1337 557 1367 542 1456 542 1457 542 1541 527 1642 528 1643 528 1644 528 1676 515 1838 499 1969 501 1971 501 1972 501 2035 484 2107 491 2124 493 2125 493 2146 488 2180 479 2303 475 2321 473 2322 473 2325 473 2372 459 2398 465 2399 465 2478 451 2599 448 2598 432 2591 386 2365 407 2358 406 2330 399 2329 399 2328 399 2326 399 2300 411 2296 414 2255 415 2148 420 2147 420 2124 426 2107 432 1910 448 1899 446 1874 437 1873 437 1821 437 1819 437 1716 447 1715 447 1659 466 1646 471 1633 469 1581 459 1580 459 1578 459 1544 472 1507 469 1505 469 1504 469 1471 483 1469 483 1467 483 1411 475 1410 475 1409 475 1348 493 1318 502 1281 499 1213 493 1212 493 1135 509 939 517 938 517 909 531 902 534 885 532 837 530 836 530 782 542 756 548 732 546 668 542 666 542 665 542 643 552 647 594"/></Shape>
	    <String CONTENT="nous ayant Requint de recevoir Son testament d ordonnanc de desuiere polonte"
                    HPOS="643"
                    VPOS="386"
                    WIDTH="1956"
                    HEIGHT="237"
                    WC="0.9748473245846597"></String>
          </TextLine>
          <TextLine ID="eSc_line_29490529"
                    TAGREFS="LT316"
                    BASELINE="654 691 803 683 969 659 1287 637 1706 593 2198 564" 
                    HPOS="650"
                    VPOS="512"
                    WIDTH="1548"
                    HEIGHT="198">
            <Shape><Polygon POINTS="654 691 655 710 880 705 881 705 920 691 958 677 1059 677 1059 676 1060 676 1097 662 1140 673 1158 677 1159 677 1161 677 1162 677 1180 670 1195 663 1217 666 1268 674 1270 674 1308 670 1310 670 1336 656 1362 644 1406 645 1407 645 1409 645 1445 634 1606 634 1617 634 1618 634 1619 634 1622 633 1661 616 1775 608 1808 618 1841 629 1843 629 1844 629 1931 622 1932 622 1967 605 1994 593 2031 600 2053 604 2055 604 2056 604 2073 597 2097 586 2197 586 2198 564 2191 521 2175 530 2158 524 2120 512 2118 512 2117 512 2084 515 2082 515 2053 526 2002 526 2001 526 2000 526 1971 539 1960 546 1909 552 1889 546 1841 534 1840 534 1838 534 1750 541 1749 541 1691 564 1675 571 1617 571 1613 570 1578 557 1577 557 1575 557 1574 557 1530 575 1497 570 1495 570 1494 570 1458 583 1453 586 1315 599 1307 596 1272 583 1271 583 1270 583 1268 583 1219 600 1162 588 1161 588 1088 593 1086 593 1030 614 990 601 989 601 987 601 986 601 927 616 827 614 826 614 825 614 757 643 756 644 650 651 654 691"/></Shape>
	    <String CONTENT="elle l&#x27;a fait dicter Ve Soumer de la Manièse Saisy qu&#x27;is Sait,"
                    HPOS="650"
                    VPOS="512"
                    WIDTH="1548"
                    HEIGHT="198"
                    WC="0.9453055224111003"></String>
          </TextLine>
          <TextLine ID="eSc_line_d49e7216"
                    TAGREFS="LT316"
                    BASELINE="950 768 1053 767 1372 742" 
                    HPOS="944"
                    VPOS="681"
                    WIDTH="428"
                    HEIGHT="116">
            <Shape><Polygon POINTS="950 768 951 797 1106 778 1139 780 1161 783 1162 783 1270 768 1315 762 1318 764 1327 771 1329 771 1330 771 1332 771 1333 771 1372 758 1372 742 1365 681 1268 713 1230 706 1228 706 1227 706 1205 718 1173 718 1161 707 1159 707 1158 707 1157 707 1155 707 1096 724 1053 696 1042 688 1041 688 1040 688 1038 688 944 701 950 768"/></Shape>
	    <String CONTENT="Demiesement"
                    HPOS="944"
                    VPOS="681"
                    WIDTH="428"
                    HEIGHT="116"
                    WC="0.9982755509289828"></String>
          </TextLine>
          <TextLine ID="eSc_line_1f8cfdff"
                    TAGREFS="LT316"
                    BASELINE="1410 725 1563 714 1647 701 1902 687 2274 656 2637 647" 
                    HPOS="1405"
                    VPOS="594"
                    WIDTH="1232"
                    HEIGHT="153">
            <Shape><Polygon POINTS="1410 725 1411 747 1530 740 1531 740 1537 739 1589 716 1670 728 1673 728 1675 728 1856 720 1858 720 1859 720 1869 713 1894 696 1913 696 2026 698 2027 698 2029 698 2030 698 2040 688 2245 677 2260 683 2261 683 2263 683 2264 683 2266 683 2275 676 2332 677 2333 677 2356 692 2358 692 2359 692 2361 692 2398 684 2409 689 2410 689 2412 689 2547 681 2548 681 2584 662 2637 654 2637 647 2631 601 2598 614 2486 618 2451 608 2442 605 2440 605 2439 605 2417 610 2402 612 2398 611 2369 594 2367 594 2366 594 2315 597 2314 597 2312 597 2289 615 2266 632 2213 622 2212 622 2210 622 2169 639 2004 647 1965 628 1953 622 1951 622 1950 622 1949 622 1936 629 1902 648 1889 644 1888 644 1887 644 1885 644 1859 655 1819 651 1818 651 1816 651 1789 659 1734 637 1727 634 1726 634 1724 634 1723 634 1713 639 1702 641 1691 639 1673 634 1672 634 1670 634 1610 643 1571 647 1563 644 1556 641 1555 641 1553 641 1405 650 1410 725"/></Shape>
	    <String CONTENT="Comme Chretime Decoremaude Son ae a"
                    HPOS="1405"
                    VPOS="594"
                    WIDTH="1232"
                    HEIGHT="153"
                    WC="0.9828010354723249"></String>
          </TextLine>
          <TextLine ID="eSc_line_6471c539"
                    TAGREFS="LT316"
                    BASELINE="666 880 797 884" 
                    HPOS="665"
                    VPOS="838"
                    WIDTH="132"
                    HEIGHT="90">
            <Shape><Polygon POINTS="680 842 666 845 666 880 665 921 728 928 730 928 731 928 732 928 732 926 745 917 746 914 796 913 797 884 796 855 739 853 731 849 712 838 710 838 709 838 683 841 680 842"/></Shape>
	    <String CONTENT="Oien"
                    HPOS="665"
                    VPOS="838"
                    WIDTH="132"
                    HEIGHT="90"
                    WC="0.9999752640724182"></String>
          </TextLine>
          <TextLine ID="eSc_line_342d2f6d"
                    TAGREFS="LT316"
                    BASELINE="844 896 1060 888 1195 874 2234 808 2668 804" 
                    HPOS="841"
                    VPOS="734"
                    WIDTH="1827"
                    HEIGHT="188">
            <Shape><Polygon POINTS="844 896 844 906 920 922 921 922 1044 904 1091 913 1092 913 1184 899 1186 899 1205 889 1210 886 1228 888 1265 892 1267 892 1268 892 1292 885 1293 885 1337 899 1338 899 1340 899 1341 899 1391 881 1398 878 1407 880 1436 884 1438 884 1439 884 1457 877 1478 870 1519 874 1569 880 1570 880 1571 880 1593 871 1615 862 1637 867 1639 867 1640 867 1712 858 1728 864 1732 866 1734 866 1735 866 1754 863 1838 849 1927 853 1928 853 1929 853 1964 842 2089 844 2091 844 2092 844 2136 831 2281 824 2326 835 2351 842 2352 842 2354 842 2668 819 2668 804 2664 753 2560 751 2559 751 2558 751 2536 761 2483 764 2396 768 2310 735 2308 735 2275 734 2274 734 2272 734 2154 776 2133 769 2132 769 2131 769 2129 769 2064 786 1983 772 1982 772 1949 775 1888 756 1887 756 1885 756 1775 761 1318 787 1316 787 1248 822 1201 830 1095 826 1093 826 1092 826 1049 842 1048 844 841 853 844 896"/></Shape>
	    <String CONTENT="Nectare la ditt D^e que la Maison ou Elle decmudeenéalle appartenante"
                    HPOS="841"
                    VPOS="734"
                    WIDTH="1827"
                    HEIGHT="188"
                    WC="0.9616371773291326"></String>
          </TextLine>
          <TextLine ID="eSc_line_2d29e0dc"
                    TAGREFS="LT316"
                    BASELINE="674 1017 1216 977 2018 931 2228 924" 
                    HPOS="670"
                    VPOS="864"
                    WIDTH="1558"
                    HEIGHT="186">
            <Shape><Polygon POINTS="674 1017 676 1045 759 1050 760 1050 761 1050 763 1050 782 1038 796 1028 832 1023 854 1027 855 1027 856 1027 880 1017 911 1027 913 1027 914 1027 916 1027 947 1013 1019 1008 1060 1017 1077 1020 1078 1020 1079 1020 1097 1015 1150 997 1180 1002 1181 1002 1183 1002 1225 991 1263 1002 1312 1016 1314 1016 1315 1016 1500 1005 1501 1005 1560 980 1575 973 1600 976 1611 977 1613 977 1630 975 1702 959 1767 964 1837 969 1838 969 1840 969 1889 955 1895 954 1900 954 1954 959 1956 959 2048 943 2081 937 2088 940 2097 944 2099 944 2100 944 2148 936 2155 935 2158 935 2176 942 2177 942 2179 942 2227 929 2228 924 2221 867 2176 880 2142 871 2108 864 2107 864 1985 871 1983 871 1949 884 1931 889 1906 886 1880 882 1878 882 1877 882 1858 889 1843 893 1830 891 1814 886 1812 886 1811 886 1781 893 1716 910 1383 931 1348 931 1325 921 1323 921 1322 921 1321 921 1318 921 1292 928 1238 926 1195 925 1194 925 1192 925 1179 929 1166 933 1129 933 1084 932 1082 932 1081 932 1066 936 1041 944 1027 939 1015 933 1013 933 1012 933 1011 933 997 940 994 942 990 942 961 936 960 936 958 936 942 944 914 957 894 947 891 946 889 946 829 943 827 943 692 951 691 951 670 959 674 1017"/></Shape>
	    <String CONTENT="dqu&#x27;elle ne Trois rien deoie à pessonne dant eette Colonis."
                    HPOS="670"
                    VPOS="864"
                    WIDTH="1558"
                    HEIGHT="186"
                    WC="0.9329088502011057"></String>
          </TextLine>
          <TextLine ID="eSc_line_42e31343"
                    TAGREFS="LT316"
                    BASELINE="833 1121 1129 1099 1493 1085 1925 1057 2611 1034" 
                    HPOS="829"
                    VPOS="976"
                    WIDTH="1782"
                    HEIGHT="162">
            <Shape><Polygon POINTS="2604 990 2591 988 2577 987 2563 987 2559 986 2442 992 2431 990 2399 980 2398 980 2396 980 2344 990 2303 976 2301 976 2300 976 2147 994 2080 988 2078 988 2077 988 2029 1002 1967 991 1965 991 1964 991 1909 1008 1900 1009 1889 1008 1856 1003 1855 1003 1854 1003 1838 1010 1810 1023 1657 1028 1593 1019 1545 1010 1544 1010 1542 1010 1522 1020 1490 1037 1411 1039 1349 1038 1325 1027 1310 1021 1308 1021 1307 1021 1271 1030 1243 1035 1230 1031 1217 1026 1216 1026 1214 1026 1107 1030 1074 1035 951 1061 922 1061 880 1042 876 1041 874 1041 873 1041 829 1043 833 1121 833 1136 892 1138 894 1138 933 1132 949 1129 957 1130 979 1134 980 1134 982 1134 997 1127 1017 1119 1133 1121 1136 1121 1137 1121 1141 1121 1274 1108 1329 1111 1411 1116 1413 1116 1588 1107 1589 1107 1608 1099 1633 1105 1635 1105 1636 1105 1670 1099 1779 1100 1781 1100 1782 1100 1829 1086 1845 1082 1924 1082 2051 1082 2051 1081 2052 1081 2078 1074 2089 1071 2114 1072 2237 1078 2238 1078 2239 1078 2270 1064 2272 1063 2281 1063 2358 1074 2359 1074 2451 1070 2453 1070 2475 1059 2538 1065 2540 1065 2541 1065 2611 1046 2611 1034 2607 990 2604 990"/></Shape>
	    <String CONTENT="Veus Ventend Lad^e Danne Testatice que le N^ Candidea igresse"
                    HPOS="829"
                    VPOS="976"
                    WIDTH="1782"
                    HEIGHT="162"
                    WC="0.9587464264181794"></String>
          </TextLine>
          <TextLine ID="eSc_line_f81d96b8"
                    TAGREFS="LT316"
                    BASELINE="684 1221 1938 1152 2701 1123" 
                    HPOS="681"
                    VPOS="1063"
                    WIDTH="2020"
                    HEIGHT="175">
            <Shape><Polygon POINTS="684 1221 684 1238 1425 1194 1582 1194 1584 1194 1585 1194 1618 1184 1826 1183 1833 1181 1834 1181 1873 1172 1943 1174 1945 1174 2027 1162 2701 1137 2701 1123 2698 1081 2626 1063 2625 1063 2592 1065 2591 1065 2542 1088 2540 1088 2409 1078 2407 1078 2339 1089 2303 1079 2301 1079 2300 1079 2206 1100 2136 1088 2135 1088 2084 1090 2082 1090 2055 1103 1998 1094 1997 1094 1996 1094 1942 1108 1918 1100 1917 1100 1916 1100 1790 1112 1763 1107 1761 1107 1760 1107 1721 1122 1699 1118 1698 1118 1697 1118 1665 1127 1562 1116 1560 1116 1559 1116 1497 1140 1494 1141 1256 1152 1250 1151 1227 1144 1225 1144 1224 1144 1223 1144 1202 1154 1197 1156 1122 1159 1113 1158 1064 1151 1063 1151 954 1166 929 1170 843 1173 832 1172 741 1158 739 1158 738 1158 681 1178 684 1221"/></Shape>
	    <String CONTENT="Créole de Bousbon Son Esclave Jouine de la Libesté eu Reconnoisiame de Se"
                    HPOS="681"
                    VPOS="1063"
                    WIDTH="2020"
                    HEIGHT="175"
                    WC="0.9827316468709135"></String>
          </TextLine>
          <TextLine ID="eSc_line_0326b3a6"
                    TAGREFS="LT316"
                    BASELINE="690 1318 1910 1243 2534 1218 2733 1218" 
                    HPOS="686"
                    VPOS="1155"
                    WIDTH="2047"
                    HEIGHT="187">
            <Shape><Polygon POINTS="690 1318 690 1333 786 1342 787 1342 789 1342 852 1324 855 1324 860 1324 911 1327 913 1327 1093 1312 1140 1308 1147 1309 1212 1320 1213 1320 1354 1312 1355 1312 1389 1295 1394 1294 1400 1295 1461 1306 1462 1306 1574 1286 1591 1282 1654 1282 1655 1282 1709 1293 1710 1293 1810 1287 1811 1287 1862 1269 1866 1268 1962 1261 2121 1256 2125 1256 2183 1267 2184 1267 2186 1267 2228 1250 2234 1249 2242 1250 2305 1260 2307 1260 2405 1250 2406 1250 2434 1239 2442 1236 2498 1236 2544 1236 2577 1245 2578 1245 2580 1245 2691 1238 2693 1238 2733 1222 2733 1218 2728 1167 2629 1173 2624 1172 2581 1156 2580 1156 2578 1156 2577 1156 2552 1163 2515 1155 2513 1155 2512 1155 2463 1178 2451 1184 2380 1187 2365 1183 2308 1166 2307 1166 2305 1166 2241 1170 2239 1170 2197 1189 2194 1191 2190 1191 2140 1181 2139 1181 2137 1181 2110 1194 2091 1203 2031 1207 1855 1214 1803 1207 1734 1198 1732 1198 1731 1198 1691 1211 1655 1225 1588 1217 1544 1211 1542 1211 1541 1211 1515 1220 1458 1238 1322 1232 1321 1232 1319 1232 1285 1249 1217 1250 1159 1240 1158 1240 1097 1247 1059 1240 1040 1236 1038 1236 895 1245 894 1245 887 1247 867 1257 686 1257 690 1318"/></Shape>
	    <String CONTENT="bouit Sonidt de ses fdelit Sesvies s pour u par la laissue à la Gorze"
                    HPOS="686"
                    VPOS="1155"
                    WIDTH="2047"
                    HEIGHT="187"
                    WC="0.9514277309611223"></String>
          </TextLine>
          <TextLine ID="eSc_line_7b9cd185"
                    TAGREFS="LT316"
                    BASELINE="694 1413 2099 1323 2760 1309" 
                    HPOS="691"
                    VPOS="1257"
                    WIDTH="2069"
                    HEIGHT="186">
            <Shape><Polygon POINTS="694 1413 694 1439 735 1443 736 1443 738 1443 767 1435 832 1417 907 1426 932 1429 933 1429 979 1422 1059 1410 1140 1413 1190 1414 1191 1414 1192 1414 1208 1408 1239 1397 1271 1404 1290 1408 1292 1408 1456 1404 1457 1404 1486 1392 1490 1390 1508 1390 1530 1390 1531 1390 1533 1390 1542 1388 1607 1370 1827 1359 1870 1367 1872 1367 1873 1367 1895 1357 1943 1363 1945 1363 1946 1363 1982 1349 2150 1341 2252 1345 2305 1348 2307 1348 2372 1342 2417 1351 2418 1351 2476 1340 2513 1345 2515 1345 2665 1337 2757 1315 2760 1309 2756 1257 2544 1268 2541 1268 2501 1262 2500 1262 2498 1262 2463 1271 2373 1261 2372 1261 2274 1278 2230 1265 2228 1265 2227 1265 2124 1268 2030 1273 2029 1273 1973 1297 1920 1280 1918 1280 1917 1280 1883 1282 1753 1311 1659 1294 1658 1294 1657 1294 1567 1322 1509 1322 1465 1309 1464 1309 1462 1309 1400 1320 1343 1312 1341 1312 1340 1312 1281 1335 1198 1320 1197 1320 1114 1324 1113 1324 1015 1349 895 1337 894 1337 892 1337 812 1364 812 1366 691 1371 694 1413"/></Shape>
	    <String CONTENT="de la Celonie, lui derne a Leque la Somme de Sex Mitle Livres une font payéc"
                    HPOS="691"
                    VPOS="1257"
                    WIDTH="2069"
                    HEIGHT="186"
                    WC="0.9474682466764199"></String>
          </TextLine>
          <TextLine ID="eSc_line_64bbf012"
                    TAGREFS="LT316"
                    BASELINE="815 1492 1372 1470 2248 1415 2586 1404 2739 1406" 
                    HPOS="811"
                    VPOS="1345"
                    WIDTH="1928"
                    HEIGHT="164">
            <Shape><Polygon POINTS="815 1492 816 1509 1099 1506 1100 1506 1137 1495 1147 1491 1286 1484 1311 1487 1365 1492 1366 1492 1456 1480 1476 1477 1486 1479 1519 1484 1520 1484 1522 1484 1557 1475 1584 1469 1636 1472 1698 1475 1699 1475 1741 1466 1785 1457 1894 1452 1935 1458 1961 1461 1962 1461 1993 1455 2045 1444 2166 1447 2198 1447 2199 1447 2230 1444 2297 1436 2318 1440 2330 1441 2332 1441 2355 1437 2395 1430 2739 1419 2739 1406 2735 1351 2628 1345 2626 1345 2586 1353 2566 1345 2564 1345 2563 1345 2562 1345 2534 1357 2491 1345 2490 1345 2489 1345 2398 1367 2384 1370 2372 1368 2297 1356 2296 1356 2294 1356 2267 1367 2238 1359 2237 1359 2235 1359 2106 1366 2104 1366 2066 1382 2056 1386 2037 1384 1972 1374 1971 1374 1969 1374 1921 1389 1880 1403 1749 1408 1701 1399 1661 1392 1659 1392 1608 1404 1542 1419 1472 1415 1471 1415 1469 1415 1451 1425 1276 1430 1203 1422 1183 1421 1181 1421 1164 1425 1119 1435 1096 1428 1078 1422 1077 1422 1075 1422 1074 1422 1055 1429 1037 1437 942 1439 924 1436 894 1429 892 1429 811 1440 815 1492"/></Shape>
	    <String CONTENT="Dectare tolistatzice que tout cequ&#x27;elle posside Résrent de Son travail"
                    HPOS="811"
                    VPOS="1345"
                    WIDTH="1928"
                    HEIGHT="164"
                    WC="0.9926605769566127"></String>
          </TextLine>
          <TextLine ID="eSc_line_9d591c07"
                    TAGREFS="LT316"
                    BASELINE="697 1604 1137 1567 1625 1547 1917 1527 2748 1499" 
                    HPOS="692"
                    VPOS="1439"
                    WIDTH="2056"
                    HEIGHT="183">
            <Shape><Polygon POINTS="697 1604 697 1622 976 1605 986 1608 1002 1614 1004 1614 1005 1614 1006 1614 1033 1605 1063 1597 1092 1603 1121 1608 1122 1608 1124 1608 1150 1600 1197 1583 1366 1572 1438 1585 1453 1586 1454 1586 1489 1582 1603 1564 1643 1574 1666 1578 1668 1579 1730 1579 1730 1578 1786 1565 1855 1550 1923 1554 1924 1554 2125 1538 2153 1546 2204 1561 2205 1561 2206 1561 2399 1553 2401 1553 2450 1541 2518 1542 2519 1542 2520 1542 2581 1525 2611 1534 2613 1534 2614 1534 2748 1513 2748 1499 2745 1452 2661 1439 2660 1439 2549 1444 2548 1444 2516 1458 2479 1455 2478 1455 2476 1455 2443 1465 2427 1469 2413 1466 2355 1452 2354 1452 2352 1452 2303 1470 2248 1473 2217 1475 2215 1475 2158 1462 2157 1462 2051 1466 2049 1466 2002 1484 2000 1486 1939 1487 1844 1490 1843 1490 1837 1491 1807 1499 1701 1502 1684 1498 1664 1491 1662 1491 1661 1491 1617 1501 1582 1509 1501 1512 1456 1508 1383 1499 1381 1499 1380 1499 1344 1512 1321 1521 1139 1528 1117 1521 1081 1510 1079 1510 1078 1510 1005 1514 1004 1514 967 1528 965 1528 962 1528 924 1524 922 1524 921 1524 896 1531 876 1536 840 1534 776 1528 775 1528 692 1539 697 1604"/></Shape>
	    <String CONTENT="d de Sur Ceeronnies et Consiste eu tois Esctaves Dune Negrene, Pheuit"
                    HPOS="692"
                    VPOS="1439"
                    WIDTH="2056"
                    HEIGHT="183"
                    WC="0.9493371723354727"></String>
          </TextLine>
          <TextLine ID="eSc_line_57d3f3d3"
                    TAGREFS="LT316"
                    BASELINE="699 1698 1336 1659 1705 1649" 
                    HPOS="697"
                    VPOS="1597"
                    WIDTH="1008"
                    HEIGHT="123">
            <Shape><Polygon POINTS="699 1698 699 1713 720 1720 721 1720 723 1720 805 1709 825 1716 826 1716 827 1716 829 1716 858 1707 910 1711 911 1711 913 1711 914 1711 931 1702 931 1700 995 1698 1002 1698 1096 1702 1097 1702 1099 1702 1124 1691 1125 1691 1133 1691 1220 1695 1221 1695 1223 1695 1224 1695 1224 1693 1234 1685 1235 1684 1261 1684 1267 1684 1334 1689 1336 1689 1432 1676 1443 1674 1461 1674 1628 1674 1629 1674 1703 1660 1705 1649 1702 1608 1648 1597 1647 1597 1592 1600 1591 1600 1563 1615 1556 1619 1551 1615 1544 1609 1542 1609 1541 1609 1497 1605 1495 1605 1494 1605 1473 1615 1457 1601 1456 1601 1454 1601 1453 1601 1427 1604 1425 1604 1424 1604 1400 1623 1394 1629 1307 1632 1290 1629 1265 1625 1264 1625 1263 1625 1261 1625 1253 1630 1246 1636 1187 1638 1173 1636 1141 1626 1140 1626 1139 1626 1137 1626 1111 1637 1082 1622 1081 1622 1079 1622 1078 1622 1042 1630 949 1627 947 1627 877 1632 876 1632 874 1632 874 1633 854 1651 823 1636 822 1636 821 1636 819 1636 818 1636 792 1655 785 1660 697 1660 699 1698"/></Shape>
	    <String CONTENT="en la Maison ou elle est demeuzant"
                    HPOS="697"
                    VPOS="1597"
                    WIDTH="1008"
                    HEIGHT="123"
                    WC="0.9980240113594953"></String>
          </TextLine>
          <TextLine ID="eSc_line_e93497ca"
                    TAGREFS="LT316"
                    BASELINE="867 1816 1005 1809 1158 1790 1621 1764 2394 1733 2782 1729" 
                    HPOS="863"
                    VPOS="1667"
                    WIDTH="1919"
                    HEIGHT="159">
            <Shape><Polygon POINTS="2694 1681 2680 1680 2666 1680 2653 1678 2639 1678 2625 1677 2611 1677 2598 1676 2584 1676 2570 1674 2556 1674 2542 1673 2541 1673 2537 1676 2534 1677 2355 1682 2336 1681 2182 1667 2180 1667 2074 1689 2067 1691 2063 1689 2013 1674 2012 1674 2011 1674 1945 1687 1924 1680 1923 1680 1921 1680 1783 1684 1782 1684 1745 1700 1724 1709 1673 1702 1647 1699 1646 1699 1580 1705 1564 1706 1562 1706 1540 1698 1538 1698 1537 1698 1482 1709 1461 1711 1436 1710 1395 1706 1394 1706 1366 1711 1329 1720 1312 1713 1311 1713 1310 1713 1308 1713 1300 1714 1259 1721 1241 1716 1239 1716 1238 1716 1235 1716 1166 1732 1129 1718 1108 1711 1107 1711 1106 1711 1104 1711 1073 1721 1066 1722 1059 1721 1035 1714 1034 1714 1033 1714 863 1727 867 1816 867 1826 1035 1820 1037 1820 1038 1820 1070 1809 1272 1809 1303 1809 1304 1809 1305 1809 1310 1808 1358 1791 1435 1802 1439 1802 1440 1802 1442 1802 1443 1802 1511 1784 1637 1791 1639 1791 1779 1773 1947 1773 1949 1773 1990 1765 2056 1773 2058 1773 2124 1761 2350 1755 2373 1761 2383 1762 2384 1762 2385 1762 2395 1760 2425 1751 2458 1757 2485 1761 2486 1761 2515 1754 2530 1751 2558 1753 2618 1755 2620 1755 2782 1742 2782 1729 2697 1681 2694 1681"/></Shape>
	    <String CONTENT="Sait de Justitie la tes tatrice Le S Louis Chantes Nagite des uil"
                    HPOS="863"
                    VPOS="1667"
                    WIDTH="1919"
                    HEIGHT="159"
                    WC="0.9531228262644548"></String>
          </TextLine>
          <TextLine ID="eSc_line_560026df"
                    TAGREFS="LT316"
                    BASELINE="727 1928 953 1921 1630 1873 1997 1856 2840 1848" 
                    HPOS="724"
                    VPOS="1786"
                    WIDTH="2116"
                    HEIGHT="165">
            <Shape><Polygon POINTS="724 1873 727 1928 727 1951 1241 1936 1293 1926 1391 1908 1436 1919 1451 1923 1453 1923 1454 1923 1456 1923 1469 1918 1520 1896 1843 1886 1887 1899 1913 1906 1914 1906 1916 1906 1917 1906 1947 1896 1989 1881 2030 1879 2058 1889 2059 1889 2064 1890 2184 1899 2186 1899 2312 1878 2385 1867 2420 1874 2450 1879 2451 1879 2570 1868 2621 1877 2622 1877 2624 1877 2664 1866 2738 1878 2739 1878 2839 1853 2840 1848 2834 1798 2723 1801 2695 1794 2694 1794 2693 1794 2691 1794 2660 1802 2628 1793 2626 1793 2625 1793 2624 1793 2602 1804 2529 1806 2416 1793 2414 1793 2348 1800 2267 1786 2266 1786 1675 1806 1673 1806 1552 1839 1464 1824 1462 1824 1394 1839 1345 1831 1344 1831 1231 1855 1135 1856 1085 1839 1084 1839 1082 1839 998 1841 997 1841 914 1866 841 1867 815 1857 814 1857 812 1857 811 1857 785 1870 725 1871 724 1873"/></Shape>
	    <String CONTENT="Sesquel au Regienire de l&#x27;sle de France Pour Sou Legataire mives sel, ooutan"
                    HPOS="724"
                    VPOS="1786"
                    WIDTH="2116"
                    HEIGHT="165"
                    WC="0.9344257751577779"></String>
          </TextLine>
          <TextLine ID="eSc_line_7c135acc"
                    TAGREFS="LT316"
                    BASELINE="734 2036 1608 1987 2812 1965" 
                    HPOS="731"
                    VPOS="1907"
                    WIDTH="2081"
                    HEIGHT="158">
            <Shape><Polygon POINTS="734 2036 735 2061 759 2053 800 2060 805 2060 807 2060 815 2058 911 2041 1038 2038 1084 2041 1108 2050 1154 2065 1155 2065 1157 2065 1296 2061 1297 2061 1366 2042 1420 2025 1520 2023 1567 2035 1621 2050 1622 2050 1624 2050 1781 2046 1782 2046 1858 2025 1873 2021 1956 2017 1978 2023 2018 2032 2019 2032 2020 2032 2077 2019 2103 2013 2250 2013 2288 2013 2289 2013 2290 2013 2294 2012 2351 1996 2391 1996 2427 2007 2450 2016 2451 2016 2453 2016 2515 2005 2536 2002 2551 2003 2647 2019 2648 2019 2756 2005 2757 2005 2778 1996 2790 1992 2810 1995 2812 1965 2807 1910 2395 1921 2392 1921 2274 1907 2272 1907 2158 1926 2103 1919 2102 1919 2041 1932 2030 1933 2011 1932 1822 1918 1821 1918 1717 1932 1648 1923 1647 1923 1429 1930 1370 1944 1330 1936 1329 1936 1327 1936 1287 1948 1177 1946 1176 1946 1175 1946 1129 1958 1119 1961 1111 1958 1062 1943 1060 1943 1059 1943 1057 1943 1034 1951 907 1947 906 1947 905 1947 836 1966 816 1972 797 1968 775 1963 774 1963 731 1969 734 2036"/></Shape>
	    <String CONTENT="&amp;e Putrdant qu&#x27;aprèt Son Déciss gl Jouiie Saine trouble de taut Cequi"
                    HPOS="731"
                    VPOS="1907"
                    WIDTH="2081"
                    HEIGHT="158"
                    WC="0.9382134503212528"></String>
          </TextLine>
        </TextBlock>
        <TextBlock HPOS="0"
                   VPOS="622"
                   WIDTH="1"
                   HEIGHT="1"
                   ID="eSc_textblock_d701f287"
                   TAGREFS="BT421">
          <Shape><Polygon POINTS="0 622 1 622 1 623 0 623 0 622"/></Shape>
        </TextBlock>
        <TextBlock HPOS="38"
                   VPOS="391"
                   WIDTH="43"
                   HEIGHT="70"
                   ID="eSc_textblock_7efde778"
                   TAGREFS="BT421">
          <Shape><Polygon POINTS="53 391 81 413 75 444 38 461 53 391"/></Shape>
        </TextBlock>
        <TextBlock HPOS="11"
                   VPOS="556"
                   WIDTH="125"
                   HEIGHT="125"
                   ID="eSc_textblock_475208ed"
                   TAGREFS="BT421">
          <Shape><Polygon POINTS="70 556 114 572 136 622 103 681 11 654 16 572 70 556"/></Shape>
        </TextBlock>
        <TextBlock HPOS="0"
                   VPOS="1"
                   WIDTH="1"
                   HEIGHT="1"
                   ID="eSc_textblock_a5ac0ee0"
                   TAGREFS="BT421">
          <Shape><Polygon POINTS="0 1 1 1 1 2 0 2 0 1"/></Shape>
        </TextBlock>
        <TextBlock HPOS="93"
                   VPOS="1134"
                   WIDTH="15"
                   HEIGHT="4"
                   ID="eSc_textblock_93bc2886"
                   TAGREFS="BT421">
          <Shape><Polygon POINTS="97 1134 108 1134 108 1138 93 1138 97 1134"/></Shape>
        </TextBlock>
        <TextBlock HPOS="110"
                   VPOS="1123"
                   WIDTH="4"
                   HEIGHT="4"
                   ID="eSc_textblock_3233b7f5"
                   TAGREFS="BT421">
          <Shape><Polygon POINTS="114 1123 114 1127 110 1127 110 1123 114 1123"/></Shape>
        </TextBlock>
        <TextBlock HPOS="60"
                   VPOS="1008"
                   WIDTH="81"
                   HEIGHT="119"
                   ID="eSc_textblock_c9229923"
                   TAGREFS="BT421">
          <Shape><Polygon POINTS="75 1008 136 1030 141 1100 92 1127 60 1067 75 1008"/></Shape>
        </TextBlock>
      </PrintSpace>
    </Page>
  </Layout>
</alto>
