3383 2479
1073 144 2253 158 Laquité Ensiüi déla Mat, et Conguar J deu ete Sprusi

1022 337 2316 92 ataul davoir un ordre ales afare afait, nomnie it dedt Saur

1017 454 2305 80 d. nstaine et  temoire lou lestamet Pet aubimante de Beraure Notorte

989 546 2337 130 aui quiil lust Jectari la desatrai qu'ilinte nois vufaur

2078 658 183 36 e

1012 641 2329 181 prerries de tou eet anage avec led de Signart/ qu'elle Doismerand

977 757 1315 107 Vaus Louis dit a taauts dut Sernier

1201 846 1991 169 Dectare la testatuue donnir la leberte a la nomme aaue

990 944 2142 186 Dicole de Dousbou Lou Eilave avec Recouuaaudalne a Sou

1019 1070 2131 165 Cecasenr lestamafairi de ta Jollentt et Drui V an Tonni fris

3175 1099 81 37 3

1224 1163 2051 175 Donne et leque etad^ ausi uui lorn Dchoit Mute

995 1269 960 101 Lenet qour locdit a lubister

2005 1342 1274 105 et cermme un acusstoir à lad^ Létuté

1011 1366 1489 139 et et lpour lui eair lun det tongs Servuit

998 1446 825 90 dis pvieui qu'ille apoeise

2527 1458 800 85 qu'ella lui aucade e

2512 1490 26 22 1

1854 1503 1478 142 aus le Laise Dete e Ratodir vousan tque son

1020 1536 788 98 d. Exenmteur. Lesairentaire

1848 1605 1442 124 prelive celle tomne dur les aus élanes

1002 1609 820 116 bieut de la Sucustion

1307 1764 286 74 Ma Moze

1644 1787 216 73 prreg

1867 1761 214 118 Exeité

2162 1837 1163 125 sou paseul testarmt Lapersoure

1022 1853 1289 170 de M. Dureau de tauteioile Mabitan  du

2356 1976 949 82 Quertier des ptaines de

1044 1959 2253 228 Velleum et mains duquell elle le destaite disit bars vaivunt à

1373 2054 104 54 ne

1033 2032 319 102 Crniteut.

1195 2125 2086 261 Ce ful auisi fait dicté et nomne aux d^e notaire et teuoine

1059 2247 1307 185 par lad^e dans Lestatuur que adritire que la

1038 2346 964 131 dou Jubation et ade de Du

2406 2393 445 84 rresisla despooet
