<?xml version="1.0" encoding="UTF-8"?>
<alto xmlns:xsi="http://www.w3.org/2001/XMLSchema-instance"
      xmlns="http://www.loc.gov/standards/alto/ns-v4#"
      xsi:schemaLocation="http://www.loc.gov/standards/alto/ns-v4# http://www.loc.gov/standards/alto/v4/alto-4-2.xsd">
  <Description>
    <MeasurementUnit>pixel</MeasurementUnit>
    <sourceImageInformation>
      <fileName>JK10_2.pdf_page_8.png</fileName>
      <fileIdentifier>pdf//JK10_2.pdf</fileIdentifier>
    </sourceImageInformation>
  </Description>
  <Tags>
    <OtherTag ID="BT7" LABEL="CustomZone" DESCRIPTION="block type CustomZone"/><OtherTag ID="BT8" LABEL="DamageZone" DESCRIPTION="block type DamageZone"/><OtherTag ID="BT9" LABEL="DigitizationArtefactZone" DESCRIPTION="block type DigitizationArtefactZone"/><OtherTag ID="BT10" LABEL="DropCapitalZone" DESCRIPTION="block type DropCapitalZone"/><OtherTag ID="BT11" LABEL="GraphicZone" DESCRIPTION="block type GraphicZone"/><OtherTag ID="BT12" LABEL="MainZone" DESCRIPTION="block type MainZone"/><OtherTag ID="BT13" LABEL="MarginTextZone" DESCRIPTION="block type MarginTextZone"/><OtherTag ID="BT14" LABEL="MusicZone" DESCRIPTION="block type MusicZone"/><OtherTag ID="BT15" LABEL="NumberingZone" DESCRIPTION="block type NumberingZone"/><OtherTag ID="BT17" LABEL="QuireMarksZone" DESCRIPTION="block type QuireMarksZone"/><OtherTag ID="BT18" LABEL="RunningTitleZone" DESCRIPTION="block type RunningTitleZone"/><OtherTag ID="BT19" LABEL="SealZone" DESCRIPTION="block type SealZone"/><OtherTag ID="BT20" LABEL="StampZone" DESCRIPTION="block type StampZone"/><OtherTag ID="BT21" LABEL="TableZone" DESCRIPTION="block type TableZone"/><OtherTag ID="BT22" LABEL="TitlePageZone" DESCRIPTION="block type TitlePageZone"/><OtherTag ID="BT421" LABEL="text" DESCRIPTION="block type text"/>
    <OtherTag ID="LT7" LABEL="CustomLine" DESCRIPTION="line type CustomLine"/><OtherTag ID="LT8" LABEL="DefaultLine" DESCRIPTION="line type DefaultLine"/><OtherTag ID="LT9" LABEL="DropCapitalLine" DESCRIPTION="line type DropCapitalLine"/><OtherTag ID="LT10" LABEL="HeadingLine" DESCRIPTION="line type HeadingLine"/><OtherTag ID="LT11" LABEL="InterlinearLine" DESCRIPTION="line type InterlinearLine"/><OtherTag ID="LT12" LABEL="MusicLine" DESCRIPTION="line type MusicLine"/><OtherTag ID="LT316" LABEL="default" DESCRIPTION="line type default"/>
  </Tags>
  <Layout>
    <Page WIDTH="2692"
          HEIGHT="2479"
          PHYSICAL_IMG_NR="7"
          ID="eSc_dummypage_">
      <PrintSpace HPOS="0"
                  VPOS="0"
                  WIDTH="2692"
                  HEIGHT="2479">
        <TextBlock HPOS="374"
                   VPOS="0"
                   WIDTH="2301"
                   HEIGHT="2477"
                   ID="eSc_textblock_981d0db4"
                   TAGREFS="BT421">
          <Shape><Polygon POINTS="712 0 2669 0 2647 53 2675 60 2675 114 2643 119 2636 141 2614 132 2614 191 2669 225 2669 285 2658 323 2603 363 2603 400 2636 413 2647 462 2625 528 2603 1094 2570 1144 2383 1178 2384 1200 2412 1206 2636 1228 2653 1267 2664 1326 2631 1618 2592 1647 2642 1724 2636 1844 2544 1904 2510 1970 2399 2009 2280 2014 2213 2047 2201 2092 2151 2120 2169 2153 2285 2181 2631 2214 2625 2301 2528 2339 2488 2401 2500 2445 2576 2440 2570 2477 501 2477 490 2352 534 2264 1332 2214 1479 2170 1508 2141 1508 2043 1464 1977 1300 1954 1289 1867 1260 1838 1135 1827 858 1866 716 1838 727 1729 859 1702 1117 1724 1146 1695 1157 1614 1139 1579 1036 1552 1041 1437 1113 1403 1073 1309 556 1287 540 1260 567 577 551 269 527 246 385 246 374 170 391 148 511 143 551 49 703 27 727 15 712 0"/></Shape>
          <TextLine ID="eSc_line_bc08838c"
                    TAGREFS="LT316"
                    BASELINE="781 20 1009 13" 
                    HPOS="779"
                    VPOS="1"
                    WIDTH="230"
                    HEIGHT="44">
            <Shape><Polygon POINTS="1000 1 986 1 972 1 958 1 945 1 931 1 917 1 903 1 889 1 876 1 862 1 848 1 834 1 821 1 807 1 793 1 779 1 781 20 781 45 925 28 1008 30 1009 13 1005 1 1000 1"/></Shape>
	    <String CONTENT="111"
                    HPOS="779"
                    VPOS="1"
                    WIDTH="230"
                    HEIGHT="44"
                    WC="0.9999991655349731"></String>
          </TextLine>
          <TextLine ID="eSc_line_f50fc7b8"
                    TAGREFS="LT316"
                    BASELINE="540 137 1063 95 1580 72 2092 60 2595 68" 
                    HPOS="537"
                    VPOS="1"
                    WIDTH="2058"
                    HEIGHT="144">
            <Shape><Polygon POINTS="2238 1 2237 1 2235 1 2182 16 2118 6 2117 6 2116 6 2055 30 1996 9 1994 9 1993 9 1938 12 1937 12 1822 45 1773 34 1771 34 1770 34 1742 42 1691 24 1690 24 1689 24 1687 24 1644 41 1566 35 1565 35 1563 35 1545 42 1481 27 1479 27 1478 27 1449 39 1417 31 1416 31 1414 31 1413 31 1373 48 1336 41 1334 41 1333 41 1292 60 1234 60 1146 38 1144 38 1143 38 996 44 994 44 951 61 916 49 914 49 913 49 912 49 839 79 703 82 662 74 661 74 659 74 629 86 537 89 540 137 540 145 772 139 909 115 929 122 931 122 932 122 1044 108 1086 114 1088 114 1089 114 1131 101 1255 110 1256 110 1333 95 1461 99 1463 99 1511 88 1742 92 1744 92 1745 92 1774 79 1920 84 1921 84 2157 66 2275 88 2277 88 2278 88 2354 75 2397 82 2398 82 2444 75 2592 77 2595 68 2591 20 2479 22 2445 9 2444 9 2442 9 2441 9 2393 26 2393 27 2386 27 2328 27 2240 1 2238 1"/></Shape>
	    <String CONTENT="Isle de France cn laDemeure du d. testateus cy devan Jinque san"
                    HPOS="537"
                    VPOS="1"
                    WIDTH="2058"
                    HEIGHT="144"
                    WC="0.9821428391668532"></String>
          </TextLine>
          <TextLine ID="eSc_line_06455152"
                    TAGREFS="LT316"
                    BASELINE="568 229 841 228 1074 203 1403 190 2595 173" 
                    HPOS="566"
                    VPOS="115"
                    WIDTH="2029"
                    HEIGHT="123">
            <Shape><Polygon POINTS="568 229 568 238 913 234 925 231 976 220 1013 229 1016 229 1018 229 1019 229 1027 229 1086 220 1137 227 1166 229 1168 229 1188 225 1230 214 1395 203 1474 209 1475 209 1545 201 1567 207 1569 207 1570 207 1621 198 1948 196 2005 206 2054 213 2055 213 2056 213 2083 203 2085 203 2088 203 2107 207 2109 207 2110 207 2121 203 2146 191 2222 188 2299 190 2320 198 2328 201 2329 201 2331 201 2332 201 2344 198 2375 190 2417 196 2435 198 2437 198 2438 198 2449 195 2483 185 2592 191 2595 173 2594 140 2525 117 2523 117 2483 115 2482 115 2481 115 2415 143 2415 144 2387 144 2335 144 2271 121 2270 121 2269 121 2267 121 2198 147 2095 126 2094 126 2092 126 2021 151 2012 154 2001 152 1950 143 1949 143 1948 143 1926 152 1873 155 1804 158 1796 157 1775 151 1774 151 1773 151 1771 151 1759 157 1753 161 1690 161 1678 159 1632 150 1631 150 1567 152 1522 136 1520 136 1519 136 1518 136 1450 158 1383 136 1381 136 1380 136 1093 140 1012 159 969 152 968 152 967 152 912 174 910 174 851 168 850 168 782 177 781 177 754 168 753 168 752 168 750 168 726 177 680 165 679 165 677 165 676 165 628 181 566 181 568 229"/></Shape>
	    <String CONTENT="Mil septcant quatie vrugt ouze le acuvreme jour du moit"
                    HPOS="566"
                    VPOS="115"
                    WIDTH="2029"
                    HEIGHT="123"
                    WC="0.9801833878863941"></String>
          </TextLine>
          <TextLine ID="eSc_line_6e57df6f"
                    TAGREFS="LT316"
                    BASELINE="578 344 805 340 921 327 1268 309 1580 300 1917 300 2123 279 2585 279" 
                    HPOS="575"
                    VPOS="217"
                    WIDTH="2010"
                    HEIGHT="135">
            <Shape><Polygon POINTS="578 344 578 352 982 338 1004 341 1026 344 1027 344 1029 344 1044 340 1069 333 1103 338 1118 340 1120 340 1121 340 1129 337 1150 329 1304 325 1306 325 1322 318 1465 325 1467 325 1468 325 1487 315 1600 311 1653 320 1679 326 1680 326 1682 326 1704 319 1724 314 1760 318 1821 325 1822 325 1952 316 1953 316 1968 311 1999 301 2081 302 2095 307 2128 316 2129 316 2131 316 2132 316 2167 305 2191 296 2474 291 2490 296 2510 300 2511 300 2512 300 2584 291 2585 279 2583 224 2563 217 2562 217 2561 217 2296 224 2295 224 2269 235 2256 242 2168 246 2145 239 2128 235 2127 235 2125 235 2124 235 2100 241 2091 243 2085 242 2067 235 2066 235 2065 235 2063 235 2044 243 2029 249 2010 243 1967 232 1965 232 1964 232 1877 234 1847 235 1846 235 1810 250 1784 263 1698 264 1661 256 1611 243 1610 243 1609 243 1571 258 1549 268 1474 269 1450 263 1438 258 1436 258 1435 258 1434 258 1421 263 1402 272 1307 274 1285 268 1246 257 1245 257 1244 257 1242 257 1210 271 1201 274 1193 271 1160 260 1158 260 1157 260 1155 260 1126 267 1095 260 1093 260 1092 260 1056 275 1047 280 998 280 987 278 958 268 957 268 956 268 954 268 916 280 905 283 896 280 865 268 863 268 862 268 861 268 810 283 799 286 789 285 739 272 738 272 737 272 705 285 650 267 648 267 647 267 646 267 575 290 578 344"/></Shape>
	    <String CONTENT="davul lexheau du loit des deupuuantes ire presenté, luie"
                    HPOS="575"
                    VPOS="217"
                    WIDTH="2010"
                    HEIGHT="135"
                    WC="0.9591758581144469"></String>
          </TextLine>
          <TextLine ID="eSc_line_6a978591"
                    TAGREFS="LT316"
                    BASELINE="557 447 732 442 925 418 1066 409 1421 409 1883 388 2534 373" 
                    HPOS="555"
                    VPOS="308"
                    WIDTH="1979"
                    HEIGHT="145">
            <Shape><Polygon POINTS="557 447 557 453 811 446 812 446 818 444 870 429 929 437 931 437 1007 425 1194 426 1195 426 1256 418 1282 425 1284 425 1285 426 1297 426 1483 426 1483 425 1531 417 1584 407 1605 414 1625 421 1627 421 1628 421 1687 410 1694 410 1702 410 1775 415 1777 415 1778 415 1800 406 1813 402 1840 404 1875 409 1876 409 1965 400 2030 393 2043 396 2069 404 2070 404 2072 404 2120 395 2156 402 2157 402 2158 402 2180 393 2325 399 2326 399 2393 382 2397 382 2399 382 2430 395 2431 395 2432 395 2534 377 2534 373 2530 315 2477 308 2475 308 2474 308 2452 318 2442 322 2430 319 2409 314 2408 314 2406 314 2405 314 2382 320 2373 323 2364 322 2315 314 2314 314 2313 314 2286 325 2251 341 2213 344 2185 334 2183 334 2182 334 2180 334 2117 353 2059 338 2058 338 2056 338 2055 338 2018 353 1979 338 1976 338 1975 338 1974 338 1972 338 1968 340 1946 345 1932 341 1903 331 1902 331 1901 331 1899 331 1870 344 1826 362 1745 359 1744 359 1742 359 1713 366 1669 366 1640 353 1593 336 1592 336 1591 336 1492 338 1490 338 1431 363 1401 377 1312 378 1285 370 1260 362 1259 362 1257 362 1256 362 1223 373 1213 375 1206 373 1144 349 1143 349 1142 349 1027 359 913 356 912 356 910 356 865 377 807 377 805 377 804 377 770 392 764 395 731 395 633 392 632 392 555 402 557 447"/></Shape>
	    <String CONTENT="et pour cte Envioyee au l&#x27;Jureni ses iharter à Versaille et"
                    HPOS="555"
                    VPOS="308"
                    WIDTH="1979"
                    HEIGHT="145"
                    WC="0.960040723873397"></String>
          </TextLine>
          <TextLine ID="eSc_line_46f45df3"
                    TAGREFS="LT316"
                    BASELINE="592 564 958 542 1157 537 1339 520 1859 498 2204 491 2507 494" 
                    HPOS="588"
                    VPOS="409"
                    WIDTH="1919"
                    HEIGHT="168">
            <Shape><Polygon POINTS="592 564 592 577 742 572 832 553 873 564 874 564 876 564 931 552 965 564 967 564 968 564 969 564 997 557 1075 560 1077 560 1078 560 1140 542 1220 549 1222 549 1223 549 1271 534 1421 532 1449 544 1450 544 1452 544 1515 531 1593 534 1595 534 1665 520 1910 512 1954 527 1956 527 1957 527 2015 527 2021 526 2022 526 2088 509 2169 510 2171 510 2172 510 2212 501 2266 509 2267 509 2507 508 2507 494 2501 428 2318 432 2286 420 2285 420 2284 420 2282 420 2241 435 2219 426 2218 426 2216 426 2215 426 2198 435 2132 409 2131 409 2092 409 2091 409 2056 410 2055 410 2008 432 1901 432 1873 422 1872 422 1870 422 1807 428 1806 428 1756 453 1751 455 1684 455 1684 454 1627 433 1625 433 1624 433 1622 433 1569 458 1567 458 1531 447 1530 447 1529 447 1445 462 1428 465 1421 464 1343 436 1341 436 1340 436 1282 439 1281 439 1216 469 1088 453 1086 453 1085 453 1047 469 967 450 965 450 892 462 891 462 841 483 832 486 822 483 741 458 739 458 738 458 646 462 644 462 588 488 592 564"/></Shape>
	    <String CONTENT="Suutre ouholre Au Pol touis Jle de France te doul"
                    HPOS="588"
                    VPOS="409"
                    WIDTH="1919"
                    HEIGHT="168"
                    WC="0.9437710344791412"></String>
          </TextLine>
          <TextLine ID="eSc_line_d2b55e4a"
                    TAGREFS="LT316"
                    BASELINE="2481 546 2515 546" 
                    HPOS="2481"
                    VPOS="501"
                    WIDTH="34"
                    HEIGHT="88">
            <Shape><Polygon POINTS="2481 581 2482 589 2515 588 2515 546 2515 513 2482 501 2481 546 2481 581"/></Shape>
	    <String CONTENT="7"
                    HPOS="2481"
                    VPOS="501"
                    WIDTH="34"
                    HEIGHT="88"
                    WC="0.998683512210846"></String>
          </TextLine>
          <TextLine ID="eSc_line_1d50e269"
                    TAGREFS="LT316"
                    BASELINE="2530 546 2551 546" 
                    HPOS="2530"
                    VPOS="517"
                    WIDTH="21"
                    HEIGHT="54">
            <Shape><Polygon POINTS="2530 546 2532 571 2551 566 2551 546 2551 517 2530 517 2530 546"/></Shape>
	    <String CONTENT="3"
                    HPOS="2530"
                    VPOS="517"
                    WIDTH="21"
                    HEIGHT="54"
                    WC="0.9997537732124329"></String>
          </TextLine>
          <TextLine ID="eSc_line_e5d63149"
                    TAGREFS="LT316"
                    BASELINE="570 667 1278 629 1923 614 2493 582" 
                    HPOS="567"
                    VPOS="510"
                    WIDTH="1926"
                    HEIGHT="175">
            <Shape><Polygon POINTS="570 667 570 685 883 661 994 665 996 665 1073 652 1104 662 1106 662 1107 662 1110 662 1197 645 1352 641 1396 648 1405 650 1406 650 1407 650 1412 648 1428 640 1446 647 1467 654 1468 654 1469 654 1548 641 1598 634 1633 637 1673 641 1675 641 1741 633 1793 626 1828 629 1902 634 1903 634 2094 618 2142 622 2143 622 2145 622 2167 612 2175 610 2193 611 2245 618 2247 618 2322 605 2333 604 2339 604 2362 611 2364 611 2365 611 2366 611 2386 603 2402 596 2424 601 2463 610 2464 610 2466 610 2493 597 2493 582 2489 510 2402 513 2401 513 2390 516 2335 531 2240 526 2194 523 2193 523 2026 530 1994 532 1993 532 1972 542 1948 553 1923 545 1898 537 1897 537 1895 537 1894 537 1844 549 1839 550 1836 550 1790 541 1789 541 1788 541 1759 555 1704 582 1487 590 1434 575 1379 559 1377 559 1376 559 1282 563 1281 563 1215 589 1175 604 1096 604 1081 597 1069 592 1067 592 1066 592 1064 592 1048 599 1024 611 692 626 672 622 608 608 607 608 606 608 567 626 570 667"/></Shape>
	    <String CONTENT="du meure mors par servur que a Renr Quaiante ols sest"
                    HPOS="567"
                    VPOS="510"
                    WIDTH="1926"
                    HEIGHT="175"
                    WC="0.9584144320128098"></String>
          </TextLine>
          <TextLine ID="eSc_line_d74f593e"
                    TAGREFS="LT316"
                    BASELINE="562 771 763 769 1063 747 1329 742 1563 716 1916 707 2240 676 2569 663" 
                    HPOS="560"
                    VPOS="608"
                    WIDTH="2009"
                    HEIGHT="183">
            <Shape><Polygon POINTS="560 745 562 771 562 783 606 791 607 791 719 787 804 772 845 780 847 780 957 765 1007 768 1008 768 1009 768 1030 758 1031 758 1040 758 1154 764 1155 764 1403 745 1438 749 1439 749 1441 749 1487 734 1492 732 1523 732 1742 728 1744 728 1771 718 1775 718 1778 718 1815 727 1817 727 1901 724 1902 724 1917 717 1986 718 1988 718 1989 718 2027 706 2032 705 2034 705 2061 710 2062 710 2158 698 2168 698 2172 698 2233 706 2234 706 2235 706 2286 692 2291 689 2569 676 2569 663 2566 623 2512 608 2511 608 2510 608 2415 622 2376 608 2375 608 2373 608 2303 612 2302 612 2280 622 2220 616 2219 616 2038 626 2037 626 1954 661 1934 670 1832 674 1811 669 1745 651 1744 651 1742 651 1741 651 1695 669 1613 650 1611 650 1610 650 1560 663 1527 654 1526 654 1525 654 1458 665 1395 661 1394 661 1392 661 1365 673 1339 672 1337 672 1336 672 1272 701 1263 706 1133 712 1126 709 1063 687 1062 687 1060 687 1059 687 985 718 979 721 870 725 866 725 810 707 808 707 807 707 805 707 750 732 748 734 664 736 659 736 610 720 608 720 607 720 606 720 560 740 560 745"/></Shape>
	    <String CONTENT="dexcemre en posemon de M^re Douaiur tui des notairr Bassiqne"
                    HPOS="560"
                    VPOS="608"
                    WIDTH="2009"
                    HEIGHT="183"
                    WC="0.9303532208005587"></String>
          </TextLine>
          <TextLine ID="eSc_line_e50f332c"
                    TAGREFS="LT316"
                    BASELINE="566 874 1370 841 1531 827 1968 818 2377 786 2544 778" 
                    HPOS="563"
                    VPOS="732"
                    WIDTH="1981"
                    HEIGHT="171">
            <Shape><Polygon POINTS="566 874 566 903 628 902 629 902 630 902 697 881 901 881 901 880 1000 863 1088 874 1089 874 1091 874 1140 862 1168 871 1169 871 1171 871 1172 871 1173 871 1175 871 1201 859 1322 862 1323 862 1401 849 1423 856 1446 864 1447 864 1449 864 1522 862 1565 859 1566 859 1592 846 1600 844 1610 846 1642 855 1643 855 1644 855 1646 855 1687 844 1781 845 1782 845 1784 845 1806 835 1811 833 1828 834 1903 841 1905 841 1988 827 2105 835 2106 835 2132 834 2134 834 2176 815 2185 811 2201 813 2253 820 2255 820 2256 820 2295 808 2303 804 2544 793 2544 778 2539 736 2500 750 2470 739 2464 738 2463 738 2461 738 2445 740 2423 746 2409 743 2368 732 2366 732 2365 732 2364 732 2332 747 2300 761 2260 750 2235 745 2234 745 2233 745 2231 745 2213 753 2190 765 2146 768 2113 758 2077 747 2076 747 1990 747 1989 747 1988 747 1942 768 1914 779 1777 778 1775 778 1730 787 1706 780 1684 772 1683 772 1682 772 1680 772 1660 779 1617 771 1616 771 1614 771 1589 780 1552 767 1551 767 1549 767 1239 779 1238 779 1158 809 1144 815 1113 815 1103 812 1058 794 1056 794 1055 794 1053 794 1016 811 998 804 997 804 996 804 994 804 960 819 953 822 946 820 859 797 858 797 856 797 826 800 825 800 760 830 759 831 563 840 566 874"/></Shape>
	    <String CONTENT="que adélivie la presente Expedition, ajour d&#x27;liy dix hui"
                    HPOS="563"
                    VPOS="732"
                    WIDTH="1981"
                    HEIGHT="171"
                    WC="0.9882521139723914"></String>
          </TextLine>
          <TextLine ID="eSc_line_68a4c761"
                    TAGREFS="LT316"
                    BASELINE="563 980 870 966 1040 947 1795 924 2277 892 2556 884" 
                    HPOS="559"
                    VPOS="827"
                    WIDTH="1997"
                    HEIGHT="172">
            <Shape><Polygon POINTS="563 980 563 999 701 988 783 990 807 990 808 990 810 990 814 988 856 970 895 981 896 981 898 981 996 965 1055 976 1075 979 1077 979 1143 976 1144 976 1164 970 1212 953 1308 951 1344 961 1368 966 1369 966 1370 966 1596 951 1625 946 1672 936 1719 940 1757 944 1759 944 1799 936 1804 936 1818 936 1924 936 1926 936 1927 936 1957 928 1986 921 2003 926 2038 937 2040 937 2041 937 2043 937 2077 922 2078 921 2149 914 2176 917 2193 918 2194 918 2256 913 2315 907 2329 908 2402 921 2404 921 2405 921 2444 903 2446 900 2556 896 2556 884 2552 827 2320 830 2318 830 2295 838 2251 855 2208 842 2202 841 2201 841 2200 841 2198 841 2193 844 2140 866 1789 880 1709 874 1708 874 1706 874 1684 884 1611 870 1565 862 1563 862 1562 862 1522 874 1492 884 1454 877 1402 869 1401 869 1304 873 1303 873 1271 886 1242 897 1212 889 1176 878 1175 878 1173 878 1114 881 1113 881 1082 895 1081 895 1051 885 1049 885 1048 885 1047 885 1020 897 1008 903 980 899 963 897 961 897 960 897 951 900 912 917 830 908 829 908 786 918 702 913 664 910 662 910 559 918 563 980"/></Shape>
	    <String CONTENT="le plembre Mel rept cent Quatre vingt douze, lui bas et cent"
                    HPOS="559"
                    VPOS="827"
                    WIDTH="1997"
                    HEIGHT="172"
                    WC="0.9739295274019242"></String>
          </TextLine>
          <TextLine ID="eSc_line_817611d6"
                    TAGREFS="LT316"
                    BASELINE="571 1081 895 1068 1191 1043 1737 1030 2161 1001 2591 1001" 
                    HPOS="568"
                    VPOS="937"
                    WIDTH="2023"
                    HEIGHT="160">
            <Shape><Polygon POINTS="571 1081 571 1086 597 1097 599 1097 600 1097 867 1088 931 1072 936 1071 940 1071 965 1079 967 1079 968 1079 1036 1068 1051 1065 1058 1067 1080 1072 1081 1072 1082 1072 1117 1064 1143 1059 1244 1060 1325 1060 1326 1060 1328 1060 1343 1056 1366 1049 1438 1052 1627 1060 1628 1060 1817 1053 1818 1053 1857 1035 1927 1035 1967 1048 1968 1048 1970 1048 1971 1048 2033 1028 2047 1023 2156 1023 2304 1021 2336 1016 2351 1013 2365 1015 2421 1021 2423 1021 2474 1010 2481 1009 2486 1009 2529 1020 2530 1020 2591 1005 2591 1001 2587 943 2547 937 2545 937 2544 937 2528 944 2489 962 2435 957 2434 957 2432 957 2410 965 2364 953 2339 946 2337 946 2336 946 2242 948 2241 948 2207 959 2197 962 2190 961 2171 954 2169 954 2168 954 2167 954 2147 962 2140 965 2102 965 2100 965 2099 965 2067 977 1954 976 1953 976 1952 976 1932 984 1901 984 1875 975 1843 964 1841 964 1840 964 1800 965 1799 965 1759 980 1730 990 1701 981 1658 970 1657 970 1655 970 1602 972 1600 972 1565 986 1547 980 1545 980 1544 980 1543 980 1519 990 1504 997 1490 991 1453 977 1452 977 1450 977 1449 977 1395 995 1380 1002 1334 1005 1308 999 1249 987 1248 987 1246 987 1205 1005 1194 1010 1139 1012 1126 1008 1088 995 1086 995 1085 995 1084 995 1041 1012 1029 1017 956 1019 943 1016 880 999 878 999 877 999 735 1003 734 1003 651 1030 648 1031 568 1032 571 1081"/></Shape>
	    <String CONTENT="Collationné par les notaires du Ray a lJsle de France soussignes sur"
                    HPOS="568"
                    VPOS="937"
                    WIDTH="2023"
                    HEIGHT="160"
                    WC="0.9714441781534868"></String>
          </TextLine>
          <TextLine ID="eSc_line_7258ecde"
                    TAGREFS="LT316"
                    BASELINE="548 1177 978 1149 1355 1144 1883 1122 2052 1103 2350 1104 2526 1097" 
                    HPOS="545"
                    VPOS="1027"
                    WIDTH="1981"
                    HEIGHT="172">
            <Shape><Polygon POINTS="548 1177 548 1191 617 1199 618 1199 619 1199 662 1187 664 1185 680 1185 726 1185 743 1192 745 1192 746 1192 812 1180 863 1170 891 1176 892 1176 969 1166 1001 1172 1026 1176 1027 1176 1117 1166 1140 1165 1158 1165 1278 1169 1279 1169 1281 1169 1307 1158 1322 1152 1363 1155 1420 1160 1421 1160 1580 1147 1595 1145 1600 1145 1665 1151 1667 1151 1715 1141 1760 1154 1762 1154 1763 1154 1892 1137 1926 1147 1927 1147 1928 1147 2089 1141 2091 1141 2139 1122 2146 1122 2366 1123 2368 1123 2526 1104 2526 1097 2521 1027 2486 1041 2445 1038 2444 1038 2442 1038 2386 1064 2359 1059 2358 1059 2357 1059 2332 1071 2186 1075 2164 1067 2162 1067 2083 1067 2036 1054 1986 1043 1985 1043 1908 1063 1792 1092 1632 1096 1610 1088 1609 1088 1607 1088 1606 1088 1581 1100 1493 1103 1432 1089 1427 1089 1425 1089 1344 1089 1295 1071 1293 1071 1292 1071 1290 1071 1244 1086 1179 1075 1177 1075 877 1088 876 1088 825 1104 723 1096 721 1096 720 1096 625 1127 600 1121 599 1121 597 1121 596 1121 545 1138 548 1177"/></Shape>
	    <String CONTENT="la Mauule dud lestament demeure en tagaide e posemon de M^r"
                    HPOS="545"
                    VPOS="1027"
                    WIDTH="1981"
                    HEIGHT="172"
                    WC="0.9732347908666579"></String>
          </TextLine>
          <TextLine ID="eSc_line_145e28df"
                    TAGREFS="LT316"
                    BASELINE="552 1261 832 1258 1435 1225 1792 1221" 
                    HPOS="551"
                    VPOS="1173"
                    WIDTH="1241"
                    HEIGHT="121">
            <Shape><Polygon POINTS="552 1261 552 1269 670 1287 672 1287 737 1280 753 1286 754 1286 756 1286 757 1286 801 1262 803 1262 833 1262 855 1278 856 1278 858 1278 859 1278 861 1278 883 1269 927 1278 928 1278 929 1278 931 1278 943 1268 1005 1268 1051 1293 1052 1293 1053 1294 1082 1294 1082 1293 1242 1286 1244 1286 1245 1286 1288 1254 1329 1253 1330 1253 1350 1245 1366 1238 1410 1238 1427 1242 1468 1254 1469 1254 1471 1254 1472 1254 1518 1240 1567 1246 1569 1246 1570 1246 1571 1246 1582 1236 1593 1228 1622 1228 1635 1235 1640 1239 1642 1239 1643 1239 1644 1239 1792 1229 1792 1221 1789 1188 1755 1181 1753 1181 1752 1181 1751 1181 1737 1189 1728 1195 1559 1200 1543 1198 1503 1191 1474 1173 1472 1173 1471 1173 1469 1173 1401 1176 1399 1176 1398 1176 1373 1194 1347 1191 1346 1191 1344 1191 1343 1191 1321 1207 1317 1210 1303 1209 1223 1196 1222 1196 1220 1196 1219 1196 1194 1213 1193 1214 1150 1217 1143 1216 1075 1189 1074 1189 1045 1189 1044 1189 1042 1189 1041 1189 986 1222 985 1222 928 1195 927 1195 925 1195 867 1196 866 1196 865 1196 825 1227 785 1200 783 1200 782 1200 781 1200 753 1202 752 1202 750 1202 713 1229 691 1229 654 1206 653 1206 651 1206 621 1206 619 1206 592 1207 591 1207 589 1207 551 1235 552 1261"/></Shape>
	    <String CONTENT="Douaud Lun deis nque Deuand"
                    HPOS="551"
                    VPOS="1173"
                    WIDTH="1241"
                    HEIGHT="121"
                    WC="0.9964127540588379"></String>
          </TextLine>
          <TextLine ID="eSc_line_4bab9f85"
                    TAGREFS="LT316"
                    BASELINE="1304 1340 1727 1342 2044 1327 2632 1318" 
                    HPOS="1303"
                    VPOS="1250"
                    WIDTH="1329"
                    HEIGHT="112">
            <Shape><Polygon POINTS="1304 1340 1304 1353 1314 1360 1315 1360 1317 1360 1318 1360 1319 1360 1346 1351 1357 1348 1368 1351 1407 1362 1409 1362 1410 1362 1567 1360 1569 1360 1606 1346 1610 1345 1613 1346 1632 1359 1633 1359 1635 1359 1636 1359 1730 1357 1731 1357 1733 1357 1748 1348 1828 1356 1829 1356 1888 1346 2030 1348 2032 1348 2033 1348 2067 1338 2073 1337 2109 1337 2111 1337 2143 1351 2145 1351 2146 1352 2223 1352 2223 1351 2224 1351 2262 1334 2263 1334 2289 1334 2573 1340 2574 1340 2632 1327 2632 1318 2630 1267 2599 1250 2598 1250 2596 1250 2595 1250 2594 1250 2566 1269 2551 1279 2536 1271 2534 1271 2533 1271 2532 1271 2501 1287 2463 1287 2437 1271 2406 1253 2405 1253 2404 1253 2402 1253 2401 1253 2364 1272 2358 1275 2350 1272 2333 1268 2332 1268 2331 1268 2329 1268 2310 1273 2299 1276 2289 1273 2230 1254 2229 1254 2227 1254 2226 1254 2183 1275 2169 1282 2139 1276 2102 1269 2100 1269 2099 1269 2069 1278 2019 1290 1975 1279 1930 1268 1928 1268 1927 1268 1926 1268 1908 1280 1883 1294 1799 1290 1797 1290 1667 1298 1638 1284 1596 1264 1595 1264 1593 1264 1551 1268 1549 1268 1548 1268 1529 1280 1483 1267 1482 1267 1395 1267 1394 1267 1339 1268 1337 1268 1336 1268 1303 1287 1304 1340"/></Shape>
	    <String CONTENT="Intregistre par nor Commis quftret Jure de la"
                    HPOS="1303"
                    VPOS="1250"
                    WIDTH="1329"
                    HEIGHT="112"
                    WC="0.9606379747390748"></String>
          </TextLine>
          <TextLine ID="eSc_line_8c818ffe"
                    TAGREFS="LT316"
                    BASELINE="1249 1436 1822 1430 2063 1415 2310 1408 2623 1411" 
                    HPOS="1248"
                    VPOS="1335"
                    WIDTH="1375"
                    HEIGHT="123">
            <Shape><Polygon POINTS="1249 1436 1250 1458 1295 1447 1359 1454 1361 1454 1362 1454 1377 1447 1508 1448 1509 1448 1511 1448 1544 1439 1679 1447 1737 1451 1738 1451 1846 1447 1847 1447 1857 1443 1880 1435 1945 1441 1956 1441 1957 1441 1965 1440 2000 1433 2012 1439 2019 1443 2021 1443 2022 1443 2023 1443 2025 1443 2030 1439 2041 1432 2136 1432 2145 1436 2158 1444 2160 1444 2161 1444 2162 1446 2216 1446 2216 1444 2218 1444 2237 1433 2247 1428 2427 1428 2438 1429 2522 1440 2523 1440 2570 1429 2583 1437 2584 1437 2585 1437 2587 1437 2588 1437 2623 1424 2623 1411 2620 1375 2583 1375 2581 1375 2499 1335 2497 1335 2450 1335 2449 1335 2448 1335 2446 1335 2419 1353 2364 1352 2333 1337 2332 1337 2331 1337 2234 1338 2183 1349 2139 1340 2138 1340 2038 1342 2007 1345 2005 1345 1961 1367 1920 1368 1919 1368 1917 1368 1895 1382 1888 1386 1833 1388 1764 1388 1757 1384 1745 1375 1744 1375 1742 1375 1741 1375 1740 1375 1716 1384 1715 1384 1713 1384 1665 1360 1664 1360 1662 1360 1661 1360 1605 1385 1592 1390 1548 1390 1538 1385 1527 1379 1526 1379 1525 1379 1523 1379 1522 1379 1514 1385 1503 1392 1465 1392 1456 1386 1441 1378 1439 1378 1438 1378 1412 1384 1373 1367 1372 1367 1370 1367 1323 1370 1297 1357 1296 1357 1295 1357 1293 1357 1292 1357 1248 1384 1249 1436"/></Shape>
	    <String CONTENT="Jondateui Ressole de Vse de Jeane Tousqne"
                    HPOS="1248"
                    VPOS="1335"
                    WIDTH="1375"
                    HEIGHT="123"
                    WC="0.9425822874394859"></String>
          </TextLine>
          <TextLine ID="eSc_line_65471700"
                    TAGREFS="LT316"
                    BASELINE="1102 1525 1467 1528 1993 1510 2223 1509 2563 1484" 
                    HPOS="1102"
                    VPOS="1435"
                    WIDTH="1461"
                    HEIGHT="121">
            <Shape><Polygon POINTS="1102 1541 1272 1538 1274 1538 1346 1550 1347 1550 1348 1550 1392 1534 1394 1534 1432 1554 1434 1554 1435 1556 1472 1556 1472 1554 1543 1552 1544 1552 1545 1552 1569 1538 1655 1549 1657 1549 1759 1528 1841 1543 1843 1543 1844 1543 1892 1531 1935 1532 1937 1532 1938 1532 1982 1516 1985 1516 1986 1516 2067 1535 2069 1535 2070 1535 2072 1535 2085 1525 2114 1532 2116 1532 2117 1532 2179 1524 2238 1530 2240 1530 2563 1498 2563 1484 2556 1441 2536 1447 2525 1441 2512 1436 2511 1436 2510 1436 2508 1436 2496 1443 2486 1448 2435 1451 2423 1446 2405 1436 2404 1436 2372 1436 2370 1436 2369 1436 2347 1447 2336 1452 2328 1448 2302 1435 2300 1435 2299 1435 2297 1435 2269 1444 2244 1436 2242 1436 2241 1436 2240 1436 2211 1451 2191 1462 2106 1466 2080 1455 2045 1441 2044 1441 2043 1441 1992 1443 1990 1443 1989 1443 1963 1459 1942 1472 1751 1477 1678 1468 1635 1462 1633 1462 1576 1470 1574 1470 1545 1457 1544 1457 1543 1457 1478 1458 1476 1458 1475 1458 1449 1475 1430 1486 1412 1476 1383 1461 1381 1461 1380 1461 1311 1463 1310 1463 1308 1463 1282 1480 1281 1480 1279 1480 1244 1465 1242 1465 1241 1465 1212 1466 1210 1466 1173 1483 1144 1495 1102 1486 1102 1525 1102 1541"/></Shape>
	    <String CONTENT="PSur Lexpedition mrdi Depresentée Aa"
                    HPOS="1102"
                    VPOS="1435"
                    WIDTH="1461"
                    HEIGHT="121"
                    WC="0.9704961147573259"></String>
          </TextLine>
          <TextLine ID="eSc_line_7bf226b1"
                    TAGREFS="LT316"
                    BASELINE="1282 1633 2049 1587 2596 1575" 
                    HPOS="1279"
                    VPOS="1505"
                    WIDTH="1317"
                    HEIGHT="155">
            <Shape><Polygon POINTS="1282 1633 1284 1660 1354 1658 1355 1658 1357 1658 1357 1656 1385 1640 1475 1641 1476 1641 1478 1641 1479 1641 1490 1633 1514 1641 1515 1641 1516 1641 1518 1641 1576 1622 1606 1633 1607 1633 1609 1633 1610 1633 1638 1619 1667 1625 1668 1625 1753 1618 1774 1627 1775 1627 1777 1627 1855 1618 1857 1618 1858 1618 1870 1608 1927 1618 1928 1618 1930 1618 1931 1618 1945 1608 1985 1611 1986 1611 2047 1600 2222 1603 2229 1607 2248 1616 2249 1616 2251 1616 2370 1609 2372 1609 2415 1596 2416 1596 2420 1596 2541 1603 2543 1603 2544 1603 2545 1603 2569 1587 2576 1582 2595 1585 2596 1575 2592 1523 2547 1523 2511 1505 2510 1505 2508 1505 2507 1505 2506 1505 2472 1528 2448 1530 2423 1530 2387 1510 2386 1510 2384 1510 2343 1512 2342 1512 2297 1530 2191 1519 2190 1519 2189 1519 2154 1535 2135 1523 2134 1523 2132 1523 2131 1523 2129 1523 2094 1538 2045 1525 2044 1525 2043 1525 2041 1525 1982 1552 1953 1553 1895 1553 1857 1539 1855 1539 1854 1539 1852 1539 1818 1557 1768 1539 1767 1539 1766 1539 1764 1539 1763 1539 1734 1557 1713 1546 1712 1546 1668 1543 1667 1543 1665 1543 1664 1543 1627 1568 1602 1568 1558 1550 1556 1550 1555 1550 1554 1550 1552 1550 1536 1561 1525 1553 1523 1553 1522 1553 1520 1553 1519 1553 1518 1553 1490 1570 1442 1559 1441 1559 1439 1559 1413 1570 1369 1557 1368 1557 1366 1557 1321 1560 1319 1560 1318 1560 1279 1582 1282 1633"/></Shape>
	    <String CONTENT="Gestan Rendice apres mention faite Sav"
                    HPOS="1279"
                    VPOS="1505"
                    WIDTH="1317"
                    HEIGHT="155"
                    WC="0.9354757094069531"></String>
          </TextLine>
          <TextLine ID="eSc_line_b32c77ac"
                    TAGREFS="LT316"
                    BASELINE="1165 1718 1650 1703 1902 1687 2182 1687" 
                    HPOS="1162"
                    VPOS="1611"
                    WIDTH="1020"
                    HEIGHT="125">
            <Shape><Polygon POINTS="1165 1718 1165 1727 1195 1736 1197 1736 1198 1736 1199 1736 1246 1724 1261 1721 1300 1722 1474 1731 1475 1731 1567 1718 1610 1727 1611 1727 1613 1727 1614 1727 1614 1725 1622 1718 1693 1720 1694 1720 1695 1720 1717 1711 1735 1720 1737 1720 1738 1720 1740 1720 1778 1706 1781 1705 1841 1703 1859 1703 1861 1703 1880 1718 1881 1718 1883 1718 1884 1718 1931 1717 1932 1717 1965 1703 2138 1703 2139 1703 2182 1692 2182 1687 2178 1616 2131 1611 2129 1611 2128 1611 2127 1611 2116 1620 2102 1633 2062 1633 2051 1623 2038 1614 2037 1614 2036 1614 2034 1614 1976 1623 1771 1622 1770 1622 1768 1622 1767 1622 1745 1638 1728 1649 1693 1656 1642 1647 1577 1647 1533 1647 1531 1647 1530 1647 1526 1648 1472 1673 1423 1673 1396 1655 1392 1651 1391 1651 1390 1651 1388 1651 1387 1651 1377 1655 1336 1677 1190 1680 1162 1666 1165 1718"/></Shape>
	    <String CONTENT="Sicelui du present Enregistrement"
                    HPOS="1162"
                    VPOS="1611"
                    WIDTH="1020"
                    HEIGHT="125"
                    WC="0.9597043087988189"></String>
          </TextLine>
          <TextLine ID="eSc_line_857cc17d"
                    TAGREFS="LT316"
                    BASELINE="779 1805 971 1802" 
                    HPOS="778"
                    VPOS="1728"
                    WIDTH="193"
                    HEIGHT="125">
            <Shape><Polygon POINTS="779 1805 779 1844 863 1853 865 1853 971 1842 971 1802 968 1740 874 1728 873 1728 872 1728 870 1728 870 1729 858 1740 840 1742 834 1742 833 1742 823 1733 823 1732 822 1732 821 1732 819 1732 778 1742 779 1805"/></Shape>
	    <String CONTENT="de sine"
                    HPOS="778"
                    VPOS="1728"
                    WIDTH="193"
                    HEIGHT="125"
                    WC="0.9448868376868111"></String>
          </TextLine>
          <TextLine ID="eSc_line_77251b90"
                    TAGREFS="LT316"
                    BASELINE="1391 1819 1895 1819 2339 1795 2616 1790" 
                    HPOS="1388"
                    VPOS="1721"
                    WIDTH="1228"
                    HEIGHT="129">
            <Shape><Polygon POINTS="1391 1819 1391 1833 1511 1837 1512 1837 1631 1828 1679 1849 1680 1849 1682 1849 1683 1849 1713 1835 1735 1850 1737 1850 1738 1850 1740 1850 1741 1850 1778 1837 1813 1849 1814 1849 1815 1850 1865 1850 1865 1849 1964 1846 1965 1846 1967 1846 2003 1824 2045 1823 2080 1844 2081 1844 2083 1844 2084 1845 2121 1845 2121 1844 2123 1844 2164 1826 2284 1813 2324 1838 2325 1838 2326 1838 2328 1839 2365 1839 2365 1838 2410 1837 2412 1837 2413 1837 2446 1812 2460 1819 2461 1819 2463 1819 2464 1819 2490 1808 2490 1806 2616 1804 2616 1790 2610 1732 2577 1744 2397 1747 2379 1738 2358 1727 2357 1727 2355 1727 2354 1727 2353 1727 2336 1738 2317 1739 2227 1747 2218 1742 2187 1721 2186 1721 2185 1721 2183 1721 2182 1721 2180 1721 2145 1743 2140 1746 2092 1747 2047 1746 1931 1740 1906 1722 1905 1722 1903 1722 1902 1722 1755 1725 1716 1727 1715 1727 1713 1727 1673 1754 1658 1765 1629 1765 1614 1755 1577 1731 1576 1731 1574 1731 1512 1731 1511 1731 1509 1731 1456 1760 1449 1764 1388 1762 1391 1819"/></Shape>
	    <String CONTENT="Au Pontouis Jsle de france le prneet"
                    HPOS="1388"
                    VPOS="1721"
                    WIDTH="1228"
                    HEIGHT="129"
                    WC="0.9463947183556027"></String>
          </TextLine>
          <TextLine ID="eSc_line_5240b585"
                    TAGREFS="LT316"
                    BASELINE="1295 1928 1806 1932 2080 1925 2461 1926 2483 1921" 
                    HPOS="1293"
                    VPOS="1852"
                    WIDTH="1190"
                    HEIGHT="124">
            <Shape><Polygon POINTS="1295 1908 1295 1928 1293 1941 1340 1950 1341 1950 1560 1944 1621 1974 1622 1974 1624 1976 1683 1976 1683 1974 1684 1974 1735 1948 1764 1963 1766 1963 1767 1963 1768 1963 1785 1959 1806 1974 1807 1974 1808 1974 1810 1976 1952 1976 1952 1974 1953 1974 2010 1947 2025 1958 2026 1958 2027 1958 2158 1974 2160 1974 2161 1974 2162 1974 2201 1947 2207 1944 2331 1944 2337 1948 2376 1974 2377 1974 2379 1974 2380 1976 2430 1976 2430 1974 2431 1974 2482 1948 2483 1921 2478 1867 2463 1875 2450 1867 2430 1853 2428 1853 2427 1853 2426 1853 2424 1853 2423 1853 2402 1867 2387 1878 2320 1878 2299 1868 2286 1863 2285 1863 2284 1863 2282 1863 2281 1863 2273 1868 2258 1878 2208 1878 2194 1870 2171 1853 2169 1853 2168 1853 2167 1853 2165 1853 2127 1863 2070 1853 2069 1853 2067 1853 2066 1853 2052 1863 1997 1863 1830 1853 1829 1853 1828 1853 1784 1866 1686 1860 1684 1860 1683 1860 1682 1860 1664 1873 1657 1878 1622 1878 1616 1874 1596 1860 1595 1860 1593 1860 1592 1860 1591 1860 1589 1860 1570 1874 1565 1878 1483 1878 1479 1874 1452 1856 1450 1856 1449 1856 1388 1852 1387 1852 1385 1852 1384 1852 1351 1875 1350 1877 1296 1877 1295 1908"/></Shape>
	    <String CONTENT="aout mil sept aut Jaatre vingt doure /"
                    HPOS="1293"
                    VPOS="1852"
                    WIDTH="1190"
                    HEIGHT="124"
                    WC="0.9242477369935889"></String>
          </TextLine>
          <TextLine ID="eSc_line_33bfa2f1"
                    TAGREFS="LT316"
                    BASELINE="1669 2065 1942 2058" 
                    HPOS="1667"
                    VPOS="1958"
                    WIDTH="275"
                    HEIGHT="157">
            <Shape><Polygon POINTS="1669 2065 1669 2115 1740 2114 1741 2114 1781 2100 1789 2096 1807 2096 1864 2092 1865 2092 1866 2092 1876 2085 1890 2075 1942 2074 1942 2058 1937 1987 1821 1987 1792 1959 1792 1958 1790 1958 1789 1958 1788 1958 1786 1958 1767 1965 1720 1959 1719 1959 1717 1959 1716 1959 1716 1961 1678 1994 1678 1995 1667 1995 1669 2065"/></Shape>
	    <String CONTENT="Jule"
                    HPOS="1667"
                    VPOS="1958"
                    WIDTH="275"
                    HEIGHT="157"
                    WC="0.7857906222343445"></String>
          </TextLine>
          <TextLine ID="eSc_line_d56685f3"
                    TAGREFS="LT316"
                    BASELINE="530 2309 1336 2283 2252 2279 2621 2258" 
                    HPOS="529"
                    VPOS="2195"
                    WIDTH="2092"
                    HEIGHT="135">
            <Shape><Polygon POINTS="1161 2224 1147 2225 1143 2225 1122 2233 1107 2226 1106 2228 1092 2228 1078 2229 1064 2229 1059 2229 989 2254 698 2258 666 2254 666 2254 653 2255 639 2257 629 2257 619 2261 540 2262 529 2272 530 2309 530 2320 633 2330 635 2330 732 2316 767 2312 862 2313 1009 2316 1011 2316 1012 2316 1038 2309 1042 2309 1047 2309 1146 2321 1147 2321 1148 2321 1194 2306 1202 2302 1363 2299 1458 2299 1471 2299 1508 2313 1509 2313 1511 2313 1605 2312 1606 2312 1653 2298 1695 2310 1697 2310 1698 2310 1764 2295 1830 2306 1832 2306 1974 2305 1975 2305 2005 2295 2092 2302 2094 2302 2095 2302 2136 2288 2171 2301 2172 2301 2173 2301 2332 2290 2384 2297 2386 2297 2387 2297 2460 2277 2463 2276 2620 2273 2621 2258 2617 2221 2528 2222 2525 2222 2490 2213 2489 2213 2488 2213 2486 2213 2457 2224 2456 2225 2416 2225 2413 2225 2333 2195 2332 2195 2331 2195 2161 2211 2124 2199 2123 2199 2121 2199 2087 2200 2085 2200 1988 2229 1905 2204 1903 2204 1902 2204 1704 2207 1702 2207 1658 2222 1600 2210 1599 2210 1494 2211 1460 2213 1458 2213 1414 2231 1374 2220 1373 2220 1372 2220 1370 2220 1261 2249 1231 2249 1164 2222 1161 2224"/></Shape>
	    <String CONTENT="de Desent mot fraicess Det Jsll notairt dus lay àlJle de Franc à la Rendeuc"
                    HPOS="529"
                    VPOS="2195"
                    WIDTH="2092"
                    HEIGHT="135"
                    WC="0.9571224705378214"></String>
          </TextLine>
          <TextLine ID="eSc_line_b6a1b9d6"
                    TAGREFS="LT316"
                    BASELINE="501 2418 1179 2392 1611 2389 1899 2399 2377 2389 2457 2382" 
                    HPOS="500"
                    VPOS="2321"
                    WIDTH="1957"
                    HEIGHT="151">
            <Shape><Polygon POINTS="501 2418 501 2451 566 2472 567 2472 568 2472 570 2472 626 2447 675 2426 706 2430 708 2430 804 2421 854 2440 872 2447 873 2447 874 2447 876 2447 895 2439 942 2417 1312 2408 1479 2415 1486 2419 1580 2455 1581 2455 1582 2455 1843 2450 1844 2450 1919 2417 1961 2410 2044 2425 2045 2425 2047 2425 2063 2419 2124 2443 2125 2443 2127 2443 2300 2440 2302 2440 2391 2399 2455 2386 2457 2382 2452 2321 2398 2346 2304 2346 2259 2328 2247 2323 2245 2323 2209 2321 2208 2321 2207 2321 2179 2331 2117 2353 1806 2359 1748 2345 1737 2344 1735 2344 1651 2344 1617 2333 1616 2333 1614 2333 1545 2341 1453 2335 1452 2335 1450 2335 1431 2344 1407 2337 1406 2337 1405 2337 1403 2337 1366 2353 1293 2339 1292 2339 1121 2342 1120 2342 1045 2370 1044 2370 1040 2370 934 2360 932 2360 866 2372 851 2367 850 2367 848 2367 847 2367 819 2378 810 2381 794 2378 686 2359 684 2359 574 2385 530 2381 529 2381 527 2381 500 2388 501 2418"/></Shape>
	    <String CONTENT="ls pert iout parioe st touis ol les learnt cg aprel nommes busques"
                    HPOS="500"
                    VPOS="2321"
                    WIDTH="1957"
                    HEIGHT="151"
                    WC="0.9114013535506797"></String>
          </TextLine>
        </TextBlock>
        <TextBlock HPOS="0"
                   VPOS="1955"
                   WIDTH="544"
                   HEIGHT="258"
                   ID="eSc_textblock_ee292a6e"
                   TAGREFS="BT421">
          <Shape><Polygon POINTS="371 1955 527 1977 544 2075 505 2152 433 2191 544 2207 0 2213 0 1961 371 1955"/></Shape>
        </TextBlock>
        <TextBlock HPOS="760"
                   VPOS="1917"
                   WIDTH="158"
                   HEIGHT="197"
                   ID="eSc_textblock_d578fba1"
                   TAGREFS="BT421">
          <Shape><Polygon POINTS="807 1917 852 1922 913 2021 918 2075 869 2114 793 2103 760 2075 782 2031 777 1966 807 1917"/></Shape>
        </TextBlock>
        <TextBlock HPOS="2638"
                   VPOS="953"
                   WIDTH="4"
                   HEIGHT="9"
                   ID="eSc_textblock_38adaf58"
                   TAGREFS="BT421">
          <Shape><Polygon POINTS="2641 953 2642 962 2638 962 2638 953 2641 953"/></Shape>
        </TextBlock>
      </PrintSpace>
    </Page>
  </Layout>
</alto>
