2479 2650
126 8 75 68 DES

598 17 1785 128 Boudut demeuront en pur dille sui des forqn et au St Joseph antoisal

590 107 1877 135 Cliz abette afselin, l'oiné Employé du Royen p Villdy dementont Rui de

589 206 1878 117 Sorqe temoin epour le requisdit eapn appellls, on presence duquele le

586 275 1876 119 present lestement ayant été lu et relu un mot apsis Vontreondit Vitatur

575 351 1862 118 il edoclard y pessictar et être les deières Volenté foit et Pessder Bime

572 438 1853 111 a la requisition du d. Mstatrer, se sundy hresje aoil Mit sot Cont quarr

572 515 1868 110 Virgr donzheure de smidy et le srtateur a sigué avec les lésmon et Rttaie

568 588 1862 115 ainsy sique Jouttier, Boudit codit, afselin et Balu en matge mdisir

540 658 1884 120 Pontrotté au port douis Jise de Boe le Vingt quotre dctotre Mit sept feur

555 733 1558 128 quatte Viingt douze signé sevier qui a matqué Rrocu quatonte sats.

645 811 1775 117 das devant les notaine du Roya liste de France Sonssignet let Comparie

562 889 1706 118 M. Jean Baptisse Doudrt Vomé oncien habitont de cette Jse, Résidont

561 962 1710 118 actuellemant Enpeur Ville du Pot Souis, En sa moisen Rui des Mossister.

2343 1046 12 43 4

649 1033 1614 109 Sequel a senuda N^e Balu l'un de notoire Soussignée set Me

558 1099 1826 128 Negui de seuevoir En depot pour l suis au Rang de ses misnuter, unpaquer

553 1176 1825 116 Cocteté En fire Vesmeilte, lequel sas trouir ount et porte peur susophior

542 1244 1819 141 additon a mor astoment. l onsieur Bondret Voiné Sui des Comites

542 1311 1810 145 auport, et au desso eot écsit signdet Pasophé ue dosiitur a mesese dy 24 d^e

537 1414 1828 121 1792. Signé suuns dans Lequel Socquet frat houver uu Eitit Signé

539 1481 1819 135 Geutlrir Jommoment par ces it addition a mon lestotnt Rcu par

528 1562 1830 135 Mᵉ Balis et fuissont par ceux ci le dix ent ril Mit sepit Cut ae

528 1645 1836 130 Vsigt doux ; au depeur Dosquels ent oisit figne et Pasahé nevasichue usti

525 1718 1828 128 de otre apposition de fché de le jour Mssisedy Vingt quatre octobre 17I2

525 1841 345 94 Signé fine d.

609 1868 1747 134 Decquellasotu deux Poier Pralatdement sestis Vesitae SiGréset

519 1952 1840 116 Brsopée nevasicur du dit S. Commpatent Fésome dednotone Sonfiqnér, iledit

515 2021 1824 129 Nᵉ Balu fest chasydepour dicells et des prosenteritre doliré a qui il

508 2097 1322 136 appartier dra toutre Expeditions raquiser et hecessain.

593 2153 1716 151 Dont aite fait et Assé double slon Sedit au Pot luis Jsle de Ftome

502 2248 1825 132 En l'esnde le Mesnsedy dinst quotre dctobre Mil set feut quote Jnge dze

494 2320 1812 118 ape Midy et afigné apres lochre foité la mim les poseste Rotée

491 2387 1668 130 Eplaposishion de M^r Balu Llum des Notoir Sonsiignés sur laquelle

487 2446 1815 143 Minute ent éétit Contrott au Port loiis Jele de fronce se Jnqey vinn octotre

686 2507 1577 141 e cant quatre Vinor donze signé sevied qui a manqué lue Lge
