2479 3233
57 1 665 97 denceles paprere

195 70 1292 123 les B lestaleur afoittet cuuue pour

35 179 1455 133 sou exccuteur testamisteur la perdonné

41 290 1390 126 du Sendant^ dayet labitatt dui

39 409 1401 122 centou ddela Civise des cclebanie

55 508 1371 129 le prantpevour sugte de lanite

1368 504 70 68 7

55 637 1392 128 qal'il lciel a loupurs temoigne de

46 763 2411 138 voutoir (en sargter tetre charge, se et ounseontante avne

303 890 2172 124 Car aaude avate fat ute et comen par led testoleir a M

125 1020 2348 133 lu plesle louce qeural en presence des témont Arnsigues poiscesey

111 1136 2360 178 de Meques Et après queled testameta été ledel cela

79 1312 2394 135 apres laaute anel testateur bid. teriginr pesent , il a dectare

161 1427 2312 133 pessistes et che ue demure  erlontée se fuit et pane la

141 1535 2332 144 dutet dud^ᵗ testateur dune lstiud apparteban Pilat

163 1677 2256 124 le mordey vugt eesq Saptemteeeut segt lat Cquatevian de

147 1794 2326 135 hear de relevei, ra présince dichend fecdion ettanten labitan

188 1914 2285 113 Rever des celtetame ol dutant fien den qaraced doyna

179 2017 2292 129 sur Eetreur half canton, des palepemousse Remadappelles

190 2148 2285 122 Raques dqlé ont segué avte led testateur et nofer alger

181 2252 2251 140 Lestateur ayoul tene fal baise, n'apre leqaer quede la

188 2381 2285 131 ennaur qa bulivoil an pesent en presence duleur tomeesst

194 2518 2241 107 hasame temace pour ce oppelles el requedit a leque

229 2613 2212 138 acnsi nqué Miatie, ganner ehreson, colie ll Jevintr

210 2748 2261 154 ples Slai at Eul souhiolle au pottaur Jall es Frauce le 29.

201 2888 2048 133 19 Deur Quarante dsla nque Vervier

772 3087 1699 124 Eurequhe vavur Sosenr quffer Jure

2349 17 124 88 Ve

2028 16 127 118 l.
