2950 2479
1100 501 1596 89 Pardevant Les Rutaires elu ruy atire ele

651 599 2096 115 Prance Seussigned. fut prerent jabriel fils de lieuri faccle

609 691 2028 136 Matabard Pon au Sersice du S. Durvans, Demeurant

647 785 2112 136 le feuui parant au lieu dit Le Caccix Matatard pse

635 885 445 98 Se Louis.

733 973 1913 90 Lequal dautant Dnmir eles preuvel destenes

607 1060 2048 114 D D'amitéé a la N^e Flore Regreste Budienne agée

595 1174 2163 109 deuverier Vingt Deux au Eivre Bctave dle ta noné

609 1289 1964 96 Maree V^ Maugiis Matabarde des^t aue. famo

621 1396 2131 105 avec ladite Pore sei protence pour elle et Lantoritaine

617 1508 1989 107 a fet Effit entant que de Desim, Vuntant Lect

582 1614 2093 119 Gabriel Mettre Laditte ftore S'il lui est possilile;

564 1722 2104 108 leu même dle pouvoir se vachitter et safranchir

593 1833 2034 108 de servitude et laidant de ses Moyent e lui a

610 1934 2039 116 qae ses presentes fait Domnation pure l L'iinple

537 2057 1813 123 fel cutre Sefs En la meilleure fonme q

571 2169 2006 108 Domratiie puisle seeluis, Dune Maison en

2769 2188 62 45 1ex

399 2295 12 43 —

533 2273 2168 134 Charpeute ellevée sui un perzein nonfouce dé

607 2392 947 85 Seis au d. fanis Mala

1883 2422 62 55 I

1985 50 50 53 1

2327 6 212 105 Pefesn

2306 95 91 50 112

2878 341 14 58 8
