3408 2479
1062 1 537 77 Gauthier employe en

1053 2 1287 149 Reu de la cosdiidnatif du Beniget Broisse .

1044 6 2147 244 Lequel étont dans son lit malade de crps, mon momoins soin desprit memon

1040 90 2140 243 et intendement ainsy quu'il sot appai aux dits notoindet lemons, lequel du

1029 184 2146 240 sa duc de la mort Craignant des etre presenu avont davoir min ordre a fnaffaite

1031 279 2003 236 a foit dicté et nomme le présent son lestoment et odomonce de destueses

1026 362 2033 246 Volonté qu'il Vout et entend itre Camuté apres sa mort de la momece et

1020 582 431 95 aiusy qu'il Jait.

1106 531 1914 230 Déelnd ledit testateur qul'il ent marie ave D^e mene Gilev amand de

995 634 2143 225 Sequetteil a eu uu enfant nommée fsamois iolos, tours ses deux actaeblemer.

1002 845 259 94 en Prame

1063 801 2025 200 Daune et Segue ledit Lesataur a la Née Babet ueqese prole Son

994 910 2082 198 affrochie ue doclave mommée maie negsitte malgache apée demiton depone

984 1001 2020 183 pour par la d^t Badit au Jouir en loute proprêté, Vent et intand qu'il foir

979 1094 1989 184 Compté soit par in chetiti soit por sou oxveuteur testamentaire, a la d^e Dabit,

967 1211 2044 142 uue somme de six cent lvris par au et le pendont deuxon sentemnt, et ce

962 1278 2090 170 sons préjedice de la Somme de deux Milte lures qu'il lui a corstisiée Pors

950 1379 1632 178 de son affronchissement, Sequelle somme il déclare lui devoir.

1041 1472 1872 144 deut et entout ledit Estateur qu'après son décès le Noumé folar Son

964 1547 2062 166 Eselann Créol, soit Rcounr libu et affprebir de loute soniieeet a ausoitot

949 1649 2060 168 qu'il se Ja proeutdepar son tonni où autremnt une pome suiffisante pour

931 1753 1284 148 peyer les droite upesos pour les affepuchifement.

1042 1820 1945 130 Et pour saunter se présent le stament le  lestateur a choisi et Nomme la

925 1904 2058 127 petsonne du C. Jean daptisse Boudet l'ainé son ai entre les mains duquel

927 2009 1275 114 il se de siaioit de tous sa diens Suivent da Contme.

2921 2087 37 51 —

1013 2068 1877 130 p fut ainsy foit dicte et nommé por le dit testateur a pesse qes Bala

925 2151 2007 151 Matone du Ry dementant en Cenr Ville Rue de lhopritat, au Se Jranstamoin.

245 1608 63 102 to

74 1709 211 143 ledame
