3400 2479
1730 11 1665 123 Jundateur Rssole del Jle de Jeance Toussigu

1728 183 175 77 Suy

1941 133 1409 142 lexpedition mari Reprisente ea

1752 232 1608 193 Jestan Rendie apres meuton faite sut

1625 420 1201 106 Scelue du pesent Enregutemeul

1150 512 213 125 de serre

1868 546 1463 148 du Porttouis Jsle de france le preniet

1750 718 1384 140 aont mil sept aut Quatre vingt douze

103 859 713 109 tesbaan Beseue

129 969 559 130 Dame Sequart

2190 848 185 197 Pftae

844 1154 2401 154 Var Devant moi Fracos Del Jl notaint de Roy àt Jne de Franc à la Rendeuc

818 1304 2225 131 du gort houis paroisse S^t touis et les temoins cy apres nommes Soussques

1029 1473 2229 113 fut presente D^e Mare Jeanne qeuevieve Elixabeth aa ivet mapur

862 1592 2342 124 Vage Gous Separéé quant aut brens Luivan La Dctaration duleur lunt

808 1721 2367 105 Saul dequart neg. decette Jsle son mars lad^e dame Risiseute avec

847 1824 2247 120 lui en aie maiton dese Mrie de la Raupe port et paroisi et louit

851 1934 2248 107 Susd houver dans une chambre dole d^e Masioe donnaul sur la four de

880 2042 2092 106 derriare couche far sou Lel Malade decorges par coute de la pelite

866 2156 2257 119 verole, mair same d'épit, Menvire Sagement et Calendement annsqu'sl

2996 2107 102 40 v

858 2269 1134 127 este apparu auxdt notaire et temoie
