3513 2471
177 1710 166 82 1ai

1107 1 2300 104 Appartien dea ainsi et de la Maisiire que se donnatinr Lauron

1088 68 2305 136 Jlee faire lui memés avatt les presente et a Comptor decs four

1114 161 2256 151 pouurs après le deer de la ddonnataire uon fructiere led lesufr

1111 282 2213 122 demeure renni et Consslde au Sondit proprieté de lad

1143 392 2220 111 Jommie et Rappartenir en toatet Proproite aux nomme

1087 473 2281 135 hepotite et marie francoisd en fante naturile de lad Pantine

1011 608 2350 101 Cmengard, aux quel le donnatieur en fait Parcittement

761 730 26 73 9

1124 704 2248 107 donnatio puree te n la Mlositteur forme quelle

1118 815 2241 102 Quisse voloir au pres deuxahun de bedant le Voui

1098 926 2250 120 Revenet et Rppartenir au profit du Survivant pour

1099 1013 2217 127 les dEnfant furnoimmmie eu Le furvevant de tun den

1103 1109 2253 137 Jouis faire fil Disposer de la sitte pomme en toute prepe

1033 1208 2311 151 Vleurs houus et ayant Canse et temmiie nose fene et

1102 1337 2236 123 departenante bien et degitiunement aimdy quil elegde n

1210 1345 31 66 2

1109 1448 2231 100 Mnouce e à compter du jour du decur des dit premourants le

1118 1522 2197 126 Et Effie le S^t donnnattur a presentement remis et Delivrn

1121 1610 2231 123 c La dpautin mengord Et pedition Enfernme de hac obligaton

1096 1694 2226 137 Jusdatte Cousente par les dits pelde Dumertl quetle à

1043 1776 2280 152 Ipar devers elle presest ceties et en Conser deeharge, pour

1109 1899 2202 110 par elle en recevoir le montant a lEchianc mains fanr

1114 1983 2176 136 auciune Garantie de lapart du SSonnaenr Car Celle

1103 2081 776 141 Est a Sa Voloude
