3425 2479
952 1 256 47 Lyaitten

1773 1 122 70 Cisen

2313 26 188 62 Pai

2570 1 291 54 Seye

818 31 800 137 Phambre de peurante dune

1673 49 633 131 forlled qrar dot

819 115 801 150 Mavvu partecutiet touter

805 101 2416 273 Et Jugemeu amse qu'il ett apparu anous d notaire et aux de

812 437 232 80 temdint

1091 223 2105 249 voutant en cnt de Dui Seprser du peu de brent qu'il

2354 359 916 121 et auvd. temous Re

852 454 1480 171 pourde a fait et dute anous St notaire

825 567 1390 189 préent son testamen amse que suit

1009 639 2319 201 Dectare le Tesateur que tout cequ'il Posede en celle ple connele

833 738 2425 232 en Efets mobcher de peu de taleur et lu quelques lelusacte Jd sur

821 873 2524 192 diver pourquer et veul et Tutend qu'apres la dce le Seur Loui

821 1002 2478 172 Meste aueu aprutenr en cette fele et habitant pres la basse

825 1172 2053 117 aus tortue sat lautre dctou le nomman a cele

2938 1125 345 125 dD Sou

818 1271 2492 122 Execmteur testamentair puaut el tollenbi led^t séeus Merte de

805 1396 2464 113 voutoir accorder la diterts a la nommee Julie Regrese de

790 1502 2582 118 Paste indienne tou Ectave laquelle a Deudud a lui lestaleur de gronde

796 1605 2463 113 Serveur du Couseatemen at de lovir dus S Merte Et de

818 1716 2483 137 Donner autte fracnce deja vierlle le prodint de le Sunemoin a lur

796 1826 1543 97 decepar la Molletaut lefat dele a chu

2373 1849 579 109 e a la Solonie

920 1925 2299 173 Deusi tétoyt a ete fal pduté it nomel auves d nolaire per

797 2031 1505 201 le d. Lostatenr au pretene det leur touir begant

2309 2093 55 105 8

2500 2109 98 128 Ju

2636 2114 614 157 Dullot tous
