2508 2479
672 37 1685 239 peur lui apportienr ae utte Cotonie à la Chorge par lui de Paqur cequison

647 136 1668 239 Se Nouver du aû Jour de Son décite le priant dacepteer le preseut le

644 271 1737 194 en Décanoissance dut Soins Epeurs qu'ilne cessé de preudre

667 355 1703 224 pour elle, le priant encore de Dimplier Ses Jatuitiere Drétatvn

655 582 399 84 à la J. Camlide.

724 579 1661 166 E Dectare laditt testatrice qu'elle nomme pour executer Son Rresent

663 706 1309 139 testament led. Sieur Louis Chanes Banite Desuel.

870 783 1505 131 Devoquant Loe dtest amet Coduil qu'elle autoit

680 882 1698 130 pû Cy devaut faire, voutant quele present Sor exenté Commme conteuat

665 1017 548 88 Set deriisl volonte.

860 1068 1511 115 Ce Sen fait Dicté Ve Pormme au Notaire Soussinne prenre

670 1167 1704 94 les temoinn cy apriès mmes par la ditt Testathice et a elle la de Rele

665 1284 465 72 Dectazaut y persisteer;

830 1357 1529 95 Sait Dane eu Brevet les de Jour meri Pau que demes

662 1461 1690 71 en présence des S^ Cuotes josupt Drevort Nigocuauten ceste ville

667 1543 1688 76 y demeusaut rie de Chortas d Jean Masie Phoma Chatpeutir de

666 1632 1673 88 Basine Masehaude demeunant mime Nie tponé que dipus d

663 1720 1681 88 a la dit Testeataice & Les tunoinn Ocy dessuit nommé Segué aeec nont

662 1809 1658 91 Een presentts qui à la Réquisition de la d^e Dane Sor demusi

661 1888 1684 99 Eutre Les Miii de M^ee Charteal Notaire Soussiqné qui s'en esf

669 1977 1672 112 volontairement Chargé Pour en faire la Néprésentation à qui dedynn,

669 2057 1516 125 Oinsy Sigué V^ Guy, 1.9 Prevost, Thomait t Crastea.

1224 2149 1099 111 Joss aini Signé en l'osiginal densane annes

1210 2231 1116 114 à la Nunit de l'aite de Depot de l'autre Sors

1211 2290 1123 121 Le tout Resté en la Popesnon de M^e Charteau l'uve

1211 2357 1112 120 dene Pe^re Soussignée quia détivré an présents

1250 2440 21 36 4
