3508 2279
825 400 470 97 3 Juuet1

1337 389 63 81 18

530 579 1063 126 Soutart de Marigge

2209 588 251 107 Pan

2489 521 915 131 Poutrait des couditiont de

592 697 355 100 Du N.

987 702 765 110 FluersDésemmou sier

2498 617 873 141 devant M Rerivel et

1949 719 525 98 Mariage pasle

1940 748 1542 171 Soit Dufrere Notaires en celle Jsle le trois fuillest

3368 833 15 48 1

553 938 159 106 la

997 915 426 116 Alirabelle

1945 869 1551 137 dercier Entre le nomme Francois dexenmontre

350 1054 723 109 Testement Oufseur anatte

1932 971 1553 129 noir Treol litre Majeur dage et lailtigr de

1964 1057 1512 134 vrofession fels se la nomma Marie amo auqure

298 1162 3146 140 cy la nonmi fal préssel livans s. baye rmalle agé de lcmtlpant de Caste Matgache semeuran Jeu celte velle

529 1138 1416 107 PFardevant Enotar du Ray a lJslave France touimque et le témoin

288 1283 1531 74 ne et. queé lererfuy antenua ifrcnqua du Ceanton du peurphnre

272 1335 1680 80 denifut su Meaitetit aadt maque Jolonsebaqe, paio ee S. Sedenon, etau

1980 1286 566 114 oil et paroissel

2568 1273 290 74 Louis.

249 1392 1689 76 deuu cne let enolade dur ena paraseloyuce d la Louse penupale malan de

2179 1364 367 84 d Et

248 1444 1589 72 corps, ivau tran san d'eptel Snond it ea lesdenn onie qu'el est

302 1495 1557 73 aypruu au St aotane totsignes etm lanne de la uit cracquant sen

1946 1411 1545 119 la nommme dezabitte aepere creole litre

243 1520 3204 122 Eur sepre el aars milee ate affance afait pouté, représet tstat veuve de eu autorue adir Matabar abre

3471 1550 11 28 1

192 1611 1648 77 alerdamant de decame volonte qu'il vent el ealerd cte exente apres tou

201 1664 881 69 dent de la parmee il acnte quil suit

1904 1619 1506 88 demeurant au la Manou au fomp des

362 1696 3080 115 Premoremon tel veul ee Cateur pratre delles sacal exasementatabarde Susd^t paroisse St Louis en aeté

183 1789 1626 89 préeper sil lea hrouss aupoer seson secus le lestaleur que atou prise en

170 1849 1609 91 Euroye uan fanfralene barce ava har de sunufar dencmdat

1924 1790 626 121 In Frait cequi buit

169 1910 1745 95 gealane levelquif enlage dut et aelead quaact prse Jeruve de tous

149 1978 971 83 ne treulfre lu dut tant au maffe

149 2043 946 128 qaangeule Jnjout et enten generatmenl

1148 1996 1939 90 et Voutaut les jatérs cousant le donnet des Marquer

3152 1995 157 66 d

1024 2076 2286 130 leur anite de ce foil fan Mautre et au sesurvant dése, donster

1843 1 373 81 MPpaa.

1788 93 841 210 quatre Viagt Doize.
