3008 2479
1801 1 131 38 3 R

2791 1 37 48 3

924 1 825 144 de faire Son testament

2436 48 160 91 E C

2623 13 130 110 scho

2798 84 76 50 iei

935 1 1462 224 et en Consequence nous afait et dicte un

2034 93 334 119 Auisé g

2612 110 146 102 seelle

921 163 1103 157 L'autre Ses dispositions dernieres.

2609 265 148 88 jant

2747 333 115 113 29

1052 263 1457 234 Cremierement re commande La ditte testat

943 356 1675 236 anse a Dieu Le priant de Lui faire userccorde

1979 561 119 57 ae

2134 444 723 142 Nouoime France Node

2640 542 126 69 deu

2765 571 48 59 32

939 563 1007 153 fait & Justitue La testatrice.

2623 612 72 83 et

915 585 1648 233 rue pouse Libre Sou parrain Pour son Lige

2614 758 219 95 e Bhoui

925 672 1887 259 universel voulant Et eateuvant qu'il jouise aprsion

2612 849 196 69 Cone

906 822 1637 206 de tour les Pour tant meubles qu mmneultes à

2587 980 184 79 taleper

929 959 1574 179 Aa jour de son deces Le Nommant Enoutre /

917 1032 1906 233 ELecutaire Testamentaire Le priant de vouloir busuie

913 1211 1181 141 ce dernies et Jusportant Sesvice.

1101 1256 1727 230 Declare La testatrice que la maison ons elle

911 1389 1927 196 demeure est à elle appartenante pour L'avoir aquisoit

925 1487 1886 215 paye en entiir de ses deniers et qu'il nest pars a sa

914 1587 1784 189 Tonnoissance quelle ait a Satisfaire à aucune ditte

1028 1758 1767 174 Declare que Sou Jnteution est que Le Nomme

896 1878 1916 152 Lele noir Malgach agé de doux aus duvirove apprer

932 1987 1873 142 perraquier Sott Libre aussitot qu'il dera en aige de

910 2082 1909 157 jouir de le bienfait et qu'il aura Doutice de le merites
