2479 2525
2380 1 77 32 r

2372 22 104 91 mpta

865 1 728 108 Lex acuvut de vollire, édition de Mit 17

865 1 1225 188 bien aupter comme un gage jestoin de lestime aimitie qui nour

869 189 100 59 in.

916 84 1466 209 Jepe Leprie de donner ses soins au Nomme plas mou noor affrosschi pau

2449 241 25 52 4

874 161 1501 198 mon lestament sin doté, auquel Je donmet elqu ume Some de Coioy fout

871 249 1512 174 Lurs pour le mettre a mome dacquitter les droit miposer sur les afonche

930 303 1447 187 Je doctare que de nommé Caslin noir japar movombigne, ape pissient a Mo.

883 374 1395 178 Muzare oitreltemont en france il nia unoine qu'il sa disposoir a faire

876 506 720 115 me pomont son retour En fette Colonse

928 493 1454 192 Si M. Boudut Veut se choyer du Noume hivete  or puis

882 575 1500 182 Jele jour de lnchier pès de lui et legarder Jusqu'a reque mafemdait

875 631 1514 185 dispoie de son fnt, desitant qu'il ne foit dendu qu'après qué mon Epoure

878 714 1499 178 ausa foit Connoite sor intansions, Jepie M. Bou dut de faire pasier à

878 781 1593 178 ma femme et a mon feteurou deux mille sivres de lettres tu change

879 878 1489 154 pour leur fubsisteme et autetair Croignont que le desmer envoi qua

882 984 1014 122 Jelend di foit air quelone rctare dont la mmeption.

973 1005 1420 150 fait et aneté au Port touis Jle de france le dix ment arril Mit sepé juir

902 1070 1478 150 quarre Virge donze signé Gouthier au dessour en éesst Sigéé et Palaphé varict

897 1146 1482 137 oufuste de totre apposision de sielles de ce jour Mesise dy lingt quatre octobre

899 1202 1480 137 Aoit 1792 signé sesse et En marge et desit Cestifé dotitable Signé et Paraphé.

902 1270 1474 131 au dosir de laite doiepot de ce jour Mesessdy Vingr guatre velotre Mif epé caut

904 1342 1473 116 quane Vingt douxapos Nidy Signé y Boudter. Caslatisimé Par le notavir

902 1399 1481 120 du y a liite de figne Poufsiqéés sur la d^t fire Certiti Vésstatte Signece et Prane

904 1478 1473 100 audisir de laite de depot dont Expédition est des autres pares, Joinnse a lapiemiee

903 1538 1460 96 Minsse dudit aite letaut rostée en tapossemin de M^e Bale l'unn des notaiies

904 1597 1464 100 Soufigtér qui adetoré ces presoatte le jour viingd fonn octatre nit Sepe poe quatre

910 1666 650 100 Ving donye sné auffroy et Balo.

1676 1738 696 72 Enregistré par Moy posormen Grofpir

1666 1799 704 69 Juré de la Jnsnsiettom Royale de Lin

1599 1857 776 67 Pe frate son soigronun le brevet migint

1644 1910 726 73 et Sur une Expésition a moy re presennt

1655 1959 708 69 et aelicistant Rendus, apresumeution

1648 2001 715 77 foits fur sieux du priteur suregisreaent

1635 2024 24 73 1

1690 2052 666 71 au port Louir Jsle de ftance de Vinge

1654 2097 712 80 fix octoiie Mait sepé pour quare Juigs

1645 2149 473 82 dongt. Se hivit mêtse royé Cesats

858 2299 55 16 5

993 2261 1375 102 Pardevant les notaies du Ruy a livre ets France Seussignés, furcnt Fusnd

934 2314 1399 115 1^° Jean Doptosre Sagand Maichaud, et Dame anne Louise Chantean

928 2367 1430 113 desbiqnent sun Eaur ele lui Bicnn et Ducncut authorisée

928 2412 994 101 al' Efft Cy après, deneurants lu seuble En

934 2480 504 43 des pomptemoustes ete

1940 2474 419 49 Lecer maison reie

25 941 64 46 Cn

72 1496 71 70 3

57 1935 81 63 34

363 2432 35 67 4
