3050 2479
640 5 1583 107 Et apre vavoir lu t Relu le dt tosterement Le

409 110 1835 99 S. Roussaint a dit ppesiister comme Contenant ses genitables

411 206 797 95 Et desuieses Jpsteitionite

618 280 1591 120 fan Les de Jour Van En Preseuce de Jean Sinon

462 393 1777 106 Le Corq Chautre de la Daroine demeurant Rüe noyale ade

475 499 1780 93 Jalien Rivesen demeusaut Rüe de Coude touit du

450 594 1798 95 temons qui ont Signe avec le dit testateur et non NNotaire

462 676 1751 96 Ainsy Signe toussanit, Rivesin. Jean Siemon Le Cory

468 771 1829 122 a Chesteau de Balyon. Cestiffté vesitable Signé e

468 873 1800 118 pasaphé au désir de l'Dite reuu par M^e Thasteau L'un

462 965 1863 129 des Notaires Soussignés le Jousd huy hois Novembre mit Sopt

465 1052 1853 140 Eun quatrevingt donse, Signé Douzq, Derrand &chasteau

734 1159 1532 125 Len ainsy Centiffié en l'Osiginal de V'aite de

500 1258 1846 128 Repor des autresparts, Le tout Resté en la Dossession

482 1344 1840 133 de M Chasteau L'un de Notaire d Soussinne; au

484 1440 1900 135 Dort Louit Jsle de paur le sex Novembre mit Sept

504 1553 1923 125 Cent quatre vingt Souze, Signé Chasteau, Siellé cee qoue

490 1654 488 110 avec Derapte

1184 1649 1226 134 Enzegistre par moi Commin Jure Greffier

2449 1671 56 69 2iu

1175 1736 1253 112 de la Jurisdiction Royale de Jsle de Fauie

1173 1813 1230 141 Sur une Expedition à moi Representée, a

1169 1888 1255 142 laistaum Rudrie a pres meltio faite Suricclie

2456 1907 84 69 Ma

1176 1959 1249 126 du Preseut Eerregistreuant, au Port Louis Jsle de

1176 2027 1263 136 France le Sepst Noveeubre eit Sept cent quatre

1161 2085 377 130 vingt douze

1629 2105 208 160 Auin
