2479 2575
1816 2 207 83 JV

78 40 76 84 61

652 148 1709 122 ardivant moi Jean betin notaire du Loy a Liste de France et

526 218 1812 158 Let remoins Cy affret sousdignes, fut pesent Sieur Louis Etienne

542 307 1793 170 de la zui marchand ains donnier, de muirant en Sa maison lise rue

541 403 1812 173 det malabarde de Cette velle du port sois parroisse Pouis, fils

542 487 1799 175 de fa semon de la Rur et marquerite destochete Ses pere et rmeru

541 579 840 123 Vevant donnicties a Oiteaut

599 665 1728 160 Lequel etaut dans la Phaibre a Couctiir donnant Sur la Cour

546 742 1756 162 de Son Eablissement assie a Coté de son Lit dans un Canteent,

548 836 1787 161 malade de faps mais Sain dispref memoire et Jugemiel ainsy

549 931 1785 146 quil este apparie aux notaire et temoins Soussiguece, à fait et

551 1011 1770 143 dcte Le present son testament et ordonnance de derniere Votonté

551 1092 499 98 ainsy quil Seut

652 1177 1632 121 Dtunierement entend le Sieur testateur que touttes Ses dettes si

548 1258 1757 128 aucunes sont au jour de son decis soient payée et acquittes par son

556 1316 1110 121 Executiir testgmantaire Cy après nommés.

614 1401 1676 123 Donne et Leque Le testateur un fomme de vingt miste lisses

551 1483 1741 109 monnoye de la potonie, a ptendre Sur le plus Ptoir de ses Bieur

548 1565 1767 114 apparent au jour de son decus au Sieur Pierre Brunot M Cnarpeutier

546 1629 1746 124 Mechanicien du mouton a poudre de fete Jole, son eii, pour

553 1715 1748 120 par Lui en faire et ditposer a Compter du dicice de lui d testateur

549 1776 1711 118 et à la Charge de preudre soin del'dunation et entreties des nomnes

545 1845 1739 124 Jean baptiste et Jean Louis enfants Treote de la nommé marie Rose

541 1921 1766 123 negseste Libre, Jauquel d'S bsunot il Leconmande les de Jean baptiste

548 2015 1746 87 et Jean Louis et le prie de leur auordir protiction ainsy quil lui a

551 2072 1749 105 Souvent pours au quels de Jeanbaptiste et Jean Louis Le testateur

502 2164 1435 93 donne et Legue a Chacun un Couvert Largent.

655 2248 1546 105 Jleur doune et leque paretleveid au de Jaanbaptiste sa

558 2323 399 88 moutte d0v.
