2479 2892
535 1 609 69 moc sons faise lavin

524 1 1678 148 lesimumiibles qui ex equet det Condenond parienliere pour en jus

525 14 1896 201 De maniere plus Convenable du vendene la Lacquerene soit sgne t'enaind

517 83 1905 201 en Grac où en Detail, maise lospours de quelle maniere que Cé foin lesonts

525 175 1886 180 Eles troupeaux davont et de payes Comprant l les Ponds de taire ci nu

516 220 1884 210 bice Consptant a le fumpliis a Lou deau Decerime Ceson au de la

485 305 1915 220 pour ccter les resques que l'affiblissement qui posersait rescilles sur la valeu

511 412 1734 177 de Biense ne fut obotrcle à la facilisé, à la fureté Du payement.

652 456 1756 201 De nommé pour mes Excateume Testamentairas M^r Rion habitant

512 539 1864 198 Me pipou Employé du Roy pour agir de Concert Citemble, Je les prie

512 589 1852 203 Vouloi Dien me rendre Ce desnur Service, que se regasde tres iiportant

509 663 1841 188 tre Grande pour ma famille, mais je les prie ausil, pour faire Tous Ce qu

504 724 1888 193 Conviendra quils Senttendent Cnsismble Pans Lexccution foit a linventaire,

499 785 1878 199 soit au xoentee où luss des deux poersa feul se rouver Cagir Comme Pils étoien

495 851 1879 193 Tous denx presente, e Cela pour nettitre pas niversompee foit par maladies où le

501 923 1896 193 affaires partie licrede, qui pourrasens les Notenir . Lancs La Traicto que l'un ou L'ant

499 1010 1862 164 De met deux executeure Pit mentaires nomimes Ci deslus ne vint a manquer pour

499 1074 1883 163 Vexecution Eestamentaire, e par ma ladie absence ou Autsanent en Ce Cate, Je

464 1137 1918 161 Nomme Belin notaire Pour renplacer talsent Rménme Léii Deux Pilarat

496 1213 1888 155 necesdaire, d'ile de trouvoient absents ; Ces de pessonnes Etant mede anciende

501 1315 1182 127 Amis Se Compte Cue repose Sur leur Bonté.

673 1356 1703 159 Lorsque Lon posera les erelles après ma mort on aura foin De Denir

490 1429 1897 161 En Liberté le svivres pour lest Esolaves, a Tomestiques V'il y ll a Dans las

490 1499 1903 149 mazabins, les ins Tanait Choses neufdaises pour la table où il Coniine

485 1560 1892 176 que met Executeurs tessament aues puisse y prendre tentrrepar a deurel

467 1632 1909 173 Raffraichistement à Diseretéion, ainsi que le nespaire pour lede alades qui

488 1701 1867 153 Viennent de la Petite Riviere & Du Pous, eles Auimant Lante la Conr.

678 1781 1685 138 De Conberver Cengager la nommée Margnerite Ceirle Libre, ainsigu

482 1849 1884 141 Sa petite Sille à rester a prendie Soint De ma maison it des Effits qui y

467 1913 1888 141 Jerone Et du Soin de faire travailles Cnourrie Led Esclaves qui y Sont

463 1979 1879 138 attachés pour le service tant au dehors quait dedans de la Maison ainsi

471 2062 1898 126 que du Soise dese Esclaves de Chabitation de la petite Riviere qui ont Contune

458 2125 1910 129 Devenir aupors pour etre traités par le Chiriigien, lorsquils Sont maladece,

458 2207 1897 122 Jl, à 23 anss que Cette fomme Demeure ans ma maison où elle a toujours

454 2271 1934 124 fervi avec autant de fidelité que de Zile E Danachpent. Cest pourquoi en

446 2332 1925 137 Reconnaissance de des Bon Services Je Lui Doine pour elle E sa fille tome

454 2429 1906 106 les Batiment &travant que Jai fait faire Jur un petit Terraine Sinie sur le

464 2508 1896 80 Chemin de la Grande Resiac horis le Retranchement qui Leur à été Conece

451 2585 1907 86 ils pourront en juir vendre le Disposer à leur qré,, les tesnant quitte Comme

450 2657 1908 93 Sils ne l'asdrent remboursé, l'ayant Pien merit at acquis par ses pinee l
