2479 2850
234 31 19 64 1

562 14 1910 87 marie desire, tout le Froduis dolna Succusion leur Sere Remic, Pour en Jouir Chaam

555 96 1911 90 Par motie en toute propriité, à la Charge par eux de frendre doin de tenoinere, savie

551 152 222 80 Burante.

690 216 1781 89 Item Jeveux quetont de qui se tronvera n'appartesnir en Argesntitie An jour

555 291 1912 81 Et mon deces, tel que Converts a Bouoles diverse Soiens Raunis par mor

559 361 1905 77 Excentenr testamentaire ci la Caisse dut qunze actilles de cere ville aux quell

532 416 578 100 S'en faittson &lege.

628 503 1822 95 Jteim Senoinme poir Execurir ls presente mon tettament, le Cioyen libron

546 585 1901 78 mon ami que jeprie d'en prendie la pessie, et pour l'indeiiisorn et Sur Soins

548 657 1919 90 a faire frais, de le pree de prelever sur la matte de ma suieission une Commission

543 741 1058 74 de cix pour conts que je leprie dacepter.

720 801 1744 82 Ce Juu Ainsi Pait, dicté et nommé mot à mot au dt Belin en presence

538 874 1907 79 due Cioyende Jean Sacquist, urlac Capitaine de marnie marchande, le francert

521 950 1927 79 Sevin Charpenter, tous les Deux demecerants Sé parement en Ceste ville, temoinns

527 1024 1923 81 expra appelles par le testateur et à la requisiion, Auquel ait testateur Le

521 1083 1929 101 Present sont estament a été lû ae Relû un mot après Lautra, à declaré bien

517 1157 1928 89 Centendre, que ly Persiste l veu Scalui être Exrecuté Let auttitôt son decit,

510 1230 1943 84 Selon sa fe me Ateneur ; Revognant toui autres lestamente Pait, avant le

527 1304 1921 94 Present, e quel sesil il P'arrête. fait en passé En Trevet à la requisition

524 1380 1916 92 ds d^e testatenr sur une table à coié det son lit, van e une Chambre de la maison

521 1444 1918 104 Prinipale du d^e Aablinement par lui ocmpée; Aupors norde Ciress le le de france

530 1513 1912 92 Sus d^ᵉ Rce, où le dit notaire l les temonns se tont Et près transportée, l'an

521 1581 1921 87 Quatre de la Republique francaise une Cindivisible le Bouzieme dour aeplusion

522 1646 1914 86 six heurat an Relevée, a e le dits Hamons Signé avec les dite temoins Cledur

516 1708 1931 89 d ataire le present; ainsi Signé J^e Harmont, ceslac, tevin a Belin avec parapher

522 1774 1923 102 Einiitt en Cent, Connolé Anpou torde dueot Jle ee france, le 13. Pluviose de

543 1844 1004 95 L'an 4^e Reuu quarante Polse Signé Servier.

980 1904 1453 91 Collationne Parles Notaires Publics à Lisle de France Soussignés

996 1979 1437 84 Suole breven Crignsat du d^t testament de poré le De lin Tun seu

993 2034 1432 76 Votaires toussignée, Par aue de Ce jour dix huit Ruvroie de lan 4^e

991 2083 1427 97 pe la Rep^e faene Vendursible Signé Brue, le Deln notades

1251 2162 1182 84 Enregistre Par moi Greffier en Chef du cibmal dappel

1207 2221 1203 76 d I4e d france, Soussigné lur une Copie du Susd^t

1200 2280 1196 85 Dutament à moi Representé lblendüe apres meusson

1194 2356 958 74 faitt Spa eeille du present Enregistiement.

1254 2397 1137 106 Aipore V C. Pile per france le Vingt Sia

1167 2471 1145 103 Ruvisse l'au 2 ar la Rept fauit une l indiosible se

1984 2558 301 119 Auffran

1012 2729 123 100 120
