2750 2483
2650 22 97 52 risle

578 1 2079 98 de quatre Bsumaire Apres midy et à signe deux inisiules ces presentes dons

2570 121 175 43 eenenree

641 75 1878 118 une ett pour être Envoyee au Censcan des Chartert, Jlantre

589 169 2154 119 Connotéeà Li Sestre du meme mone Par servier qui a Rieu quaranniiand

2610 289 133 50 nal

571 262 2010 117 Jol, oit Dyneurce en la possession tun cesbataines de Louand

2599 368 148 61 gredition

527 357 1348 154 des notairee Jonsignede. Signé Delisle et dosiant

1475 391 1266 137 Enregistre sar moi Greffier en Chef de fur

1415 484 1155 116 Dribunal  d'appel orliste de France, sonosi

1401 565 1313 110 Sur une expecinion a moi Re peonite le Roi Ge 19.

1381 637 1352 124 après mention faise Sur Seelle Du present acaisi,

1385 754 473 84 Enregistrement.

2712 867 35 55 i

1450 790 1128 139 Auport Vort Ouest Jle et france Cet

1392 882 1207 130 Dmaire Lan L^eme d la Répuotique

1366 966 830 143 francaise une Jinduisibles/.

2050 1074 308 95 Anftpion

2605 1161 91 80 àon

2381 1142 76 80 3

2652 1248 22 43 —

2722 1422 19 54 4

593 1395 2076 203 Pariderant nieur Louid heuvi durand notaire pubrie à liste ete France Soussigné,

56 1551 505 125 19umain an le

605 1492 2070 182 les temoins ci après nommé fut present Eitoyen Louis Gonmicourt Saicques peur né en

2707 1608 26 62 3

12 1688 490 97 resament de

589 1547 2058 218 Canada fils de defrent Jorchine Gomicourt Sac apespée Ce pitaine des trouprsde la

2 1760 498 131 Louis Grmcour

601 1633 2070 209 marine attachres au Canade, et Louise la Bissermiere Son Eouse demeurant en lette;

2704 1823 41 42 et

1 1860 359 111 Requespie

549 1724 2126 207 daus une maison à lui appartenant Sillecr Rui adivant de Chartrer tracé par

2708 1881 30 72 44

602 1813 2070 205 nou done une fate basse de peudant dind pavillon de lad^e maison, teonné par nons au re

601 1884 2077 218 malade de Corpe, Saur toutesd fois d'Esprit, memoire et entendement, ainsi quibnonsest

598 2088 670 124 appare par ses Discours

1119 2030 1545 199 Saquil dan la vrüe de la mors, aprés avoir Recommandé fon

2700 2107 45 43 4

2697 2160 50 74 qul
