2933 2479
541 194 2172 133 Libres de Couteur residants tous deux aud Camp, temoncs appelles et

529 283 2176 121 Leques par la Testatrce qui out Sigué le present Testamant avec le nataire

520 364 2236 108 et nou la d^e Testatrice qui a dectaré ne le pouvoir faire ne Sachant ecrire

520 444 2210 108 ni Siguer quoique de ce Enquissit Jnterpelle apres que joude testament

520 534 2181 85 lui le été lat et relut un mot L'un après Lautre et quelle a dit Conteuir

545 607 2157 99 pou Juteution y a Sersisté et requis que son d^t Testament fut passé en

480 684 2269 85 Bievih ee d Compdes malabaude en la Chanibre susd^t du Git La ditte

542 764 2196 77 testatice ce jourd huy douze fmaiie de l'an quatrieme de la répubelique

562 840 1730 77 fae une l Judivisible a Six heures et deuuir du foir

524 915 2187 100 I est ainsy taut a l'acte de depot duement Controé par servier le 29.

522 995 2292 104 Bimaire de L'an quatrience de La repub fise qui a marqué avoir rucr quarante

527 1068 2259 108 Sols, Qua La mnutte du Brevet du Testament de la diffunte Louise

545 1152 2259 104 Rou le tout Ci denus et ses autres parts hransirit, restete en la possestion

545 1229 2221 112 de Delise lun des notaires joussigne qui a Detioré la presente Eaped

538 1315 2257 126 au Citoyen Jugot Dxeemt ure lestamantaire de la d^t Louise Jose, Signé

520 1402 695 86 Deliole Notaire

1248 1486 1569 115 Megistre Dronmoy Preffier en Chef du hribunal

1253 1585 1487 86 dappel de l'Jsle orfrance, Soussigne Sur une

1292 1674 1449 97 Cxpedition a moi represente Bunduc apres

1286 1750 1576 142 mantion faite Sur Jielle du present Enregistrement.

1376 1848 1431 148 Au port Su No le 15. Nivose au Mrey f.

2034 2030 115 150 [a

2237 2046 128 96 la

1223 2422 117 55 ait

70 2355 417 100 22 Nivose an
