2479 2883
179 240 93 43 -

948 1 548 67 Cependant Tommes lep

812 1 1392 155 Des Sentiments d'une vue ten drede pour la nommée marie Sutien

818 12 1620 202 tagée de quatse aus, fille de Claire Léronigne affranchie Par le C^e tanglois

822 81 1597 212 Lavopre pour va Pille Dvont que la D^e Potrarie Jnlienne Porte Son

786 140 1662 215 aan r reputie Son enfant Cheite Comme Telle Dans Sa Sucubsion

788 211 1646 229 fauf quand à la forme sentement le mode qui sua Deteine par la

810 416 254 77 Convention.

987 355 1475 200 E Ce faire Coient presents e sont interveces la d^te Claire Veroiique

790 430 1655 201 Demeurant en Cise Ville, Cehiure Cisoyen Antonie Mositoit Commera Amarie

781 510 1638 202 Franne Montanina Pere Pineis Du Comparant Oemeserantt En Citre Ville

969 594 1482 174 Toquels ont declaré aurie lecopsiose Cy sebses faite pan le d^t

777 663 1671 166 Francois moncore Cormira Leur file pour Agraable, E par Ces Presentes les

783 746 1657 158 D^te Antoine moutde Comera, Dmari Jeanne moutana ont fait donation

793 808 1661 156 Entriife Cerrevocables, à la D^te marie Julienne  a La nommée Louise

778 904 1670 137 Eleonore Sa Soim d'une maison Construite Celevée Sur an terren me

778 952 1684 169 appartenant d'Le d^te Claire Veronigue Pus D'un Noir Talinga Nommé

781 1031 1673 163 hyppolite Agé devingt Sirans Ce accepté pour vad^t Marie jalienne te

778 1114 1668 149 Louise Conosé Par Le D^e Francois Nomoe Conera qui Declave être en

778 1190 1684 153 postitsio Des Effette Ci deslus donés t dot il quette Rrenaire remerne

708 1340 27 75 4

765 1314 427 89 les de Donatiurt.

948 1305 1489 171 Sour faire Jubimier Ces presentet aû Deson Sera il

765 1404 1681 141 en Doiné tout pacsorr au porteur Dons Aite fait Lpassé en Double

769 1491 1674 139 minute, au port Nord Onest Jole Ere france En l'ésude levinge Cinq fumaire

756 1576 1686 131 au quatre de la republique fave une Cindivisible, Leue C^te francoist

759 1646 1689 138 gnontou fils C auttiner, montord prc ot Signé daminutet Dela

748 1723 1710 141 Dresentet le d^t monton pose en Caractere malaleard, Rle d^ monton Sile

751 1809 1708 130 En Catactire Ordimaire lesC Claise Vesonigne, Et marie Jeanne

754 1897 1699 132 Montaia ont Declaré ne Sanrie l Ecrire de ce enques Snnvant Loromance

745 1974 1700 135 Ainsi quil et dit en la minute des Presenteet Consolce Levinge Six du

740 2067 1676 104 mêmi moit Par Sevier qui a Reeu Cent Lures l Demeurce a

681 2154 1668 104 Dmand Lun de MNotaises Soustignés Signe Guernni DDurand.

1169 2223 1300 107 Enregistre par mi Greffier en Chef Batibunal d'appel

1142 2309 1322 87 Solibigné Sa dune Cipie à moi Representé Crende après

1158 2365 1282 88 mentitne faite Sur iaelle Dupresene Ensegistrement 4

1181 2439 1264 126 E Sn Sozi Ni de Jsle de France le L. Nievoe Lait

1121 2529 1282 112 De ta Repᵉ fase une Cin d^e Se deur mols rages V ls

1847 2604 324 86 Aanftpa

157 1646 19 59 6

97 1723 130 62 8

100 1779 98 109 uprét

277 2242 13 54 9
