3508 2112
171 258 98 111 de

180 364 102 83 lr

1006 173 1716 133 Tomicilé En lees demeures in citte Jile ; aus que la Lici

2610 206 463 70 foixantete oine y

918 261 1815 120 nonobstant ; promestant obligeant ; Renoncant ; fait lspasé.

880 314 2331 150 double au Jou norde duest Jslé de France en l'Ande l'an quatre de la Republique francaine

2822 320 33 51 3

922 397 2301 121 uneet indirroible Levingn pluviose Aprèse mioi ; aous Signé avec le on Louise Pelix.

947 483 2104 108 Ainii Signe a la minute J. Je Rohan, Lomie felin, Dayor, de anffray

1079 574 2202 86 En marge d lad^te minite lon tcrin. Controlé au Joins Nord Cuest Joleor France le

924 639 2079 108 4. Vetose an &ᵃ Par Servier qui  Marqué Rreciu dix Luis Liuses 1.

1855 739 1446 91 inregistie Par moi Greffier en ehef ou nibunal d'axpel

1830 809 1472 75 d Viste dt france Soussigné, sur La premieie minute à mor

1832 872 1519 83 Represent e a renoe aprede mention aron faite sur icelle an

1871 936 613 67 Present Enregistiement.

2089 965 1223 95 aa Sort N. C. Jle de France Le quinre Ventose

1895 1027 1279 105 San 4ᵉ et la Republique fe une l endivisitre.

2900 1136 258 83 Cuftpia

1632 1478 1753 111 C trait du Regittre de la Municipaliré On Cantont

1613 1540 1769 141 Desport du Norr drest Jile de Fance, Contenant les Aetue ci

1614 1682 708 78 Mrariagede ae ivoreut.

1051 1718 2403 188 Pan quatse de la Républigne Prancaise une de rndiisible le dix ventose en la

487 1874 534 101 Dentse Lan 4

779 1812 2686 174 onaison Commiene dspon ddore Onist Ile de France, Pardevant moi Officier Pate

384 1966 196 47 P

649 1957 37 38 2

1756 1878 1646 144 Moclame Robillard Demeurant fur le Tempart agiuelle

454 1980 1288 115 qononciation de Soussigna est Comparice

1618 1952 1845 158 enir a Paise Oissondre Son mariage Avec Gabriel Sacques fayon

2697 2022 775 88 se iméoisipatibilite huieur de
