2479 2800
518 1 442 48 E mnnnible

2223 1 31 23 32

518 1 1682 120 Au prener mosirant, Jort de son Oecut; pourr de tous les tin

511 32 1961 178 Jolir par le Suivevant faire C Bisposer en pleine propricté Comme Bon

504 127 1962 146 Lui Jemblera et à sa volonté; pourve Nétunoin pu'au joour du deces

504 205 1970 148 L'n denre il ny au Anant Cinfants Vivants Cie à daitre alu dit

479 286 1996 148 Mariage, Cen Cas quil yenane Eequile Vinssent à dicicer en Amoris

483 343 1992 185 oi Van avoir Calablement Cisposé de lourde Bien La D donatie

477 493 823 119 Reynen dra Sa force Averte.

694 542 1772 144 Conveme Cependant que le Siutur Opeser attendie quil apporte n

2424 623 30 38 1

487 616 1934 158 Quelques Biens provenants de ses pere et mac, qu'en Cas De prece des,

466 672 2009 175 Jans enfautse ses huisial Disecte pourront réclanmer dur la futiire Communant

468 752 2007 167 une somme E trois mille civres pour Tinir Etien des dits Diene, Laquelle

446 821 2000 174 Somme Leme Sera payée sans quil son Desoie D'un Jugement.

680 924 1794 141 Convene Aristi qu'en Cas de civerce Des futurd épous Cilii

460 1000 2006 166 Qui de Demanora Sera obligé de payer e Lantre une Somme E

460 1109 1244 113 dens Mille Livres monnoye ayant Conre.

698 1148 1766 144 Et pour faire Jnbiier Ces psesenres cin Désoin Sera Les

432 1238 2040 141 Pariies du an donne pouvoir, Voulant Condtituant y Boczenr le portens

432 1322 1737 149 Car Ainsi promettant, Ce obligeant, C^e Renoneant d

1192 1387 1224 132 Enregistre Par moi Greffier En Chef Cu

1168 1470 1211 126 Dubunal appel de lisle de France,

1160 1547 1304 120 foussigne Cur une expedition et moi representé

1168 1622 1300 104 Crendiüe Après mentior Paite Sur icalle en

1168 1717 660 84 Mesent Enregstrement.

1216 1768 1241 126 cu pore t^e C Jite Re france Le

1160 1848 1270 140 Druas Rivose Lan M^° à e Sa ropᵉ fui

1154 1953 1166 145 ue Londesiible un mot Ragé nele

1834 2148 268 110 Cenftran

29 2375 324 71 Adoption de

468 2344 1982 127 Pardevant Leb Josainee Publie à Lisle de France Joussigne

24 2429 2450 164 d^e Jutree fan presente Des Franconte Nouln Commera malabant Demenran en Cirevill

26 2513 456 106 Pas Mouton maner
