2479 2700
820 1 745 74 poloux pee Sesteament ai

822 1 1511 149 led dont Mntuil aura Son Eecutie ce pleue Tectier

790 55 1576 173 et pourr sade Qnomme ccc presente y van tont on

804 144 1577 166 Beson Seye nec Sontie Ceonsthient poure vucu

781 220 1570 189 Pocureme le Portare de lxpépition dc presentée aux

780 337 1128 140 quile 94 ecu donnent toin sontoice.

790 400 1598 186 Et out lesd^t Pastier An lieur donsile posur Lepante

738 495 1590 171 des presentie en feur demeute en cette gslé cy de tant

2138 576 130 70 2

2249 558 82 52 e

708 603 1371 141 6 deseyece auquel lieu nonotstant proncettent

771 670 1604 164 olpant cousentant L^ approistent fait l dasse cen

757 744 1610 172 Double Mante au dort du nord omôt gsle de France

762 838 1626 159 en l'iede Lauquatraine dt la Repnibligue fracaise ut

736 913 1637 168 Lqudituible Le ciny frnmaire apres midy out lesd^

738 1036 1667 138 Pontie Decloxes en Setois Levire ne Syuess quoyen que

679 1119 1643 139 ode ce enqie et quterpelté Snstant ler doc aprèc Gectire

699 1257 204 135 faite

915 1258 1475 159 I En mnsi a Lu Minte dude Don unel au dur

903 1383 1487 138 De laquelle En Cegit contiolée au dort du notd ovent

897 1452 1497 169 Ila de Frace Ve douze funmarie L'au E de la

900 1588 1491 155 Repablique paye Sertiun qui a marque otoice teuu

894 1719 1527 114 DiunC sent Islue et denaence ne La qui de et pocussion

897 1795 1496 126 dd R'Jsle qui a dibatie la presentefolditeur aecen

891 1878 1526 141 rost bus, a La eitaqent Madetance Guu Su prtie

880 1980 1534 121 re jourd hun Piigt un Frnmaire de Jauquatrance Se

871 2098 1532 123 La Republique Jnncaise un de qudstisible J. Supée

879 2217 339 138 DDetiste.

1320 2275 1136 83 Emegatie loi moi epeffaie et en tribune

1320 2350 1128 134 dappil Gous Sigté seun uue pr

216 1236 28 43 4

151 1411 99 63 ig

129 1465 195 101 Van ze

124 1549 207 107 e puite

238 1674 68 69 n6

207 1792 90 77 in
