2633 2479
637 11 1023 73 des pesentite a Len Requerir Acte.

1282 85 1344 105 Ensegistré par me Greffer en Chif du Tribunal

1273 180 1357 91 Nappel de Ciste de france Coustignt e expedition a

1274 252 1323 112 moi representé l Rrendie Apres mention faite sur

1268 358 862 81 feelle du present Enregistrement.

1409 406 1206 125 Auport nord Ouest Jsle a france le néift

1241 498 1328 121 Puviose LanL^e d la Rep^e fais me Dinaiisibre. J.

2182 639 302 101 Auftoros

108 959 386 108 4 Branar

236 1043 131 80 An8

599 940 1948 136 Par sevant ler notaire publies à leste de France Soussignes fut present la

622 1038 1488 150 Citoyenne de couteur Rost Bigot demeurant en fetres ville

88 1163 570 116 Affranchistement

779 1118 1849 171 Lesquelle desirant affranchit de servitine et Esilrvnge La tommée marie

85 1216 2543 192 Mmarie Jeancie Jeaiie egtrene Criole ayée ete Sop ans, et le nnommé Pait ingritton auni criv

107 1446 398 79 S Aut Criol

246 1520 134 77 par

596 1322 2024 201 ayé deeuf aus, tous deux Ses lsclavir, a par ces presentée dit et declare quelle

112 1593 348 110 Rou Brgt

604 1407 2009 216 Renonce à tour dtoits de proprieté Sur lesd^t deux Esclaverd, voulant et en tendant

128 1682 424 87 asie donation

604 1509 2006 234 quils Sosent l demeurent Libred de leurs personnéedet quils fuinsent Comme lits

596 1640 2003 227 Joir des droits privileger l prrogaliend des persannes éés en condition Libire.

608 1771 1965 201 que pour parsine à leur prarever La S^ᵗ Liberté, et Se conforimes de leoprit de

582 1901 2037 185 Lavrité et la Ssemmblie Coloniale du Vingt huit Sanvier mil Sept teur quatre die
