2479 2708
763 1 1150 63 de laquelle di pruce, prealabement leprésen

514 27 1961 147 et paraphée des Notaire Soussignés le dit Baln Sus Charge Pour dieut

510 139 1952 125 Eoes Presentes étre clelivré a que il apparsien dra Tontes expedssiont

502 261 644 103 Reguises et neufsaire.

745 296 1705 137 Dont acte faite et pasré double Jelon Lois lon ce ville de la

514 385 1955 156 Montagne Jsle dt France en Cetude le prnnidi de la Premiere decatte de

508 466 1966 161 Brennaire cce lan Quatre de la Reputtique Francaise ne et indivisible

525 552 1941 170 Après la moitie du four et Après recture faite la dite manon à declare

519 643 1950 160 ne savoir Crire ny Siqnét dt Ce Enquistette la Hinute de Pusentes restu

510 708 1929 193 en la possession ce balu l'un ces Notaire soussignés sur laquelle

483 813 1949 184 Minite au Ciin Connollé par et la Montagne Jsle ae france le treine

510 928 1962 158 Brumaire celan Quatrieme Ce la repubtique Signé Jersier qui a

520 1069 846 107 marqne Rien Qnarante Sole.

2447 1095 28 42 10

879 1161 1067 146 Juit la Teneur de Vannese.

1323 1266 325 80 —

444 1388 12 63 6

487 1323 42 119 6

63 1390 2349 228 22 Vendemiaire Pardevant dea notaires publies à lisle et france a les temoins

100 1605 252 82 Jan 4

496 1490 1925 173 En après nommés soussignés fut present le Citoyen Jean Guevel decond

58 1681 92 56 P

517 1579 1918 163 Pharpensear Au Serviee de la repubriqne Employé en Ce port, lequel etant dans

112 1715 416 100 Destament

532 1680 1882 138 Son lis Sise en un Appartement cependant dune Maison Sise près

63 1799 472 96 du Cite Sean

528 1751 1934 164 le Tron Fanfaroin appartement à la Ciroyenne et Couleur nomméé Sophie Ainie

85 1877 306 129 Quevel

404 1903 52 100 6

511 1867 1901 138 malade ce Corpe mais néanmoins Sain dosprie memoiss et enten dement ainn

185 2008 256 77 27

67 2026 53 66 —

516 1933 1898 164 quil en appaie aux dits Notaire Etemoins, dans Lavice de la mort

516 2015 1947 161 Craignant den être prevense Avant davoir mis Ordre à ses affaire eu

514 2110 1942 170 A fait Dicté et Nomme le present son Tesnament et Ordonnance dele

513 2199 1895 165 domsere Volonté Quil Vent et ensend être executies apres sa mors de la

2412 2303 54 86 4

522 2325 823 125 maniere e ainsy qu'il fuit

2412 2398 57 63 s

931 2414 1480 128 Donne a legue le testaterir Are C^ere Jeant hame

2053 2521 16 87 6
