3067 2479
629 148 2344 204 onze Susle fait des affranchisteminn ellear fait asonur sosts sentennpar

626 242 2339 224 la voie dor affiches publignue, et que parsonne na mis appoistinn à tet acte

617 353 2361 224 ar Bienfaisance, ainir quibanette du Certificat de Lapent htiossat poés le

570 458 2428 241 Dereclord en date du Vingt deux Vendemiaine denme ; quelle a de sente acquite

624 597 2363 225 les Roctile Tommeume Sair ant quilsance dr hresvrier pene lalae la ommune

614 706 2320 229 en date du meu sour, lesquelles pieur par elle blepresentes lur ontete a

575 931 676 117 Len tant Rendas

797 913 2133 232 que voutant metle les de affurnchis dans le cas de ne par demun e

629 1043 2330 226 Charge à la lolonie, elle leus a par es dᵉ puentes fait denation entisvef

614 1177 2370 220 pare et Simple dervesoiableges dans La meilleure forme qui dotration pasis

603 1309 2390 210 Valoi, Ce amplant par les d^t affranchie les Notaiie Soussigne, de lous ets un

603 1428 2317 230 Chanue les biens meuble l'inisseubles, Deniirs Domplai et autres qui ses

606 1623 2374 181 trouveront lur appartenir au sour de son dee en queliqes lieux Lendisits quil

599 1771 2368 161 Se houvent assis et viteur, La quelques samned quilpeeurs ent montes, pour

622 1873 2358 194 par lesd^t marie Jeance Danb, ue Joince fair a dis pour en toute propente

596 1980 2421 191 et Tomme de chou leur appartement Chae pae Egute portion à Compter du

606 2103 2396 201 Jour de Sons^t Deus, Jurqueie quil Janc ette S'eur reserve Luises fruit Seilement

595 2246 2283 168 a titre de Constitur et prco La presente Donateved Amis faits

2052 2342 913 135 daquelle premset et soblige
