2483 2708
400 538 105 59 livré

762 1 496 60 Cesa fomme Etane

746 1 1154 123 Marquerite Eréoly, decnte que si Elle venoit a mourie

1971 1 387 83 Rioteraita paye

753 28 1207 155 Reunor Cette Somme Resseroite C la Succession on Ce qui

749 102 1135 152 si ele venoit à cecit dans Lespat De 3 anniel.

922 114 1472 206 An Lenr Cilisiera a Sera à lenr disposition Ce qui leur apparnent

740 174 1687 211 qui ett Chez moi qui Condiste Cuune Amoire De Dois denatse fermant

737 231 1657 217 à Clef deux Commodet De Bois ce Canelle, De Grand Coffre &quelques

722 309 1691 196 Boire Lesout Conterant Pere har des, Linges D^e quilsonn aeheté pour

729 365 1689 202 Leirs vrage, desont fesa epayé a la Dur margnerite Créole libre Tant

723 439 1696 210 quelle Bistesa à fin quelle souisse use l Dispere de tout Comme une

713 496 1690 220 Bonne Mise Cuvers Ja fille Suivanc les Droits quelle à natirellement Sur

704 565 1697 230 son Enfant bant pour son dien être, que pour lese Bonnes Mocuri ee Sans

717 643 1720 200 Lui Paire de tort e S'oblige la D^e Marie Cicile Prriie ete toujourse e

713 707 1733 222 Ainner respreter Dobir à Ja meri, Desivie avec elle, Dene samaitte La bandonner

705 788 1734 203 E Si elle Sen ccartait, la mere pourra tetenir Avec Justice E Raison Tant quell

701 851 1732 223 quelle Jugan à propos, cequelle Croira appartenir à sa fille toulant que le

702 964 1430 183 bout Joit en Commun lque la mert en Soit Cla Conservatrice.

904 1026 1536 171 Les Esclavet loue lregresses appartenant a la dite Margneite Cicole

705 1092 1726 170 Libre mere Ee marie Cecile Derme qui travaillent Sur mon ha bitatioh, lui

692 1176 1629 179 Seront Resses Egalement a sa Demande lui appartenante les Ayant

2427 1244 24 46 1

680 1250 1738 165 Achetés e payés de Son argent, a Cilatt Trop Sustr, les ayant mis a i

683 1299 1718 182 Pravailler des Letuns quille Les a a chetéér sans en exiger aucun interit

684 1456 503 81 Ni La moidre Chise.

794 1462 1615 165 A Legard de laveuts au Biens il Conviendra de vendre Letablifument

2436 1561 33 38 1

677 1543 1736 147 De la peile rivière, Le prunier t Ce platot ue len pourra a Canse Del

672 1621 1725 148 Sugestiond Considicables ldes Joinst que la Suctrae C tont Ce qui en

624 1731 760 113 Depend Sxigent journellement

851 1737 1565 142 I Conviene Ausse de faire tendre le Gol, Bim Considesable à Bourbon

660 1808 1759 155 Aequis de M^e De forges on Jai Les 34 du Bien TMe Paseule Vautre

656 1906 1754 120 Quart, Mait il fant Pleseiver que M^e Pascalis etait mon Commessionnaire

651 1970 1827 145 d afciet Jus quis 1783 & quilne ma par encose soldé ce Compt e ont

647 2055 1828 132 Les Jonds ont Servi apayer le Gol, Je pense que M° Pascalil à Vaiyé

645 2137 1833 130 Letont avic mon Argent l lat Revenns du gol tont Cela Doit car

641 2231 1775 115 Etamme Avie Anension Pour favoir Ce que M^e Pascalie Ategol me

2448 2255 31 76 8

636 2316 1293 118 Doisen, Ce que se folliare &e Compre favoir Cous poer.

764 2395 1642 139 Sidée que Jai pour le bien du quartier et la Savanne il peuit

153 1528 69 60 d.

127 1582 152 92 Vais

127 1650 116 105 de pue
