2708 2479
600 161 2084 130 A Presente Donation ainsi foite poure les ceuises en detair

530 258 2151 145 efprime l pareeque vette et l'ilitention du Douatier Syne Pous

508 353 2176 135 faine enregistres les dresentes an esont Sezr a Coustitue pourr Son

504 491 1308 77 drocureme Le Porteur Sonnant Poistonn

600 519 2066 135 Car ounse L doin Lé funtiois dee Prisentes led. cét. du foir

523 610 2140 141 d fait Etectois de Domiaite en cette ysle en su Demeure Sesdite

526 727 2100 124 ncet lien Noccobstanr Pronmeltant Obliepant enoucant,

513 819 2102 125 Let Llase cc double mitente Au vort Dde montayee

516 882 2127 174 Jsle de France e l'élude l'ou broir de la Reyubbigese Francane

527 983 2117 157 une Lluditeable de deux Pheuidon eslant midy, Rectone

526 1100 2120 139 Lafond a Sepes atu lee notaire, mon lodiee qonne, apant

520 1184 2121 150 Prelens n Seatonn cene au ccpues de cecuynises Suitant lu

515 1278 2104 159 Loi anssé qui'il en dit auf deux nuute des pressute don

528 1397 2072 134 tume en pour être entoye au Vurean dée chartier i

528 1525 2113 118 l'aute controllée le Sept du mence moir parrs sertiu qui a

524 1616 2124 124 teui quastente Sols en demave en la Rocession de Donand

519 1691 2125 188 V'un dee notaire Soussige /. Ligee Funie L Douaud

527 1888 404 91 notatre.

803 1906 1856 126 Enregistre Von pur greffaie ces cuf du Tubimol

701 1988 1997 149 Cdappel de l'osle Se Frauce. Sonssigné Sut une ppeditun

798 2075 1861 145 a muni Represéé f Pecidu après Mantionot faite Seur

794 2200 1082 127 Jeelle da diesnnt Eecregstremct.

754 2235 1945 176 Pau Port n°o le 18 Sustiore au quatre de la Cep^re fuie sun

639 2244 15 50 10
