2338 3508
1877 107 371 134 quarante unenne

72 187 550 109 4 Brumaire an 1e

700 198 1618 141 Par desante Les Notairete Pubties à Lisle de France sosi le

60 249 456 97 d la republigne

103 305 2213 114 Ebmmene fui Tresente Rose Bigot Citoyanne de Conlenr, Demeansante en cetre Ville du

518 378 495 68 Pou de la montagne

60 395 530 103 Branchissement

772 426 1558 106 Laquelle deirant teffranchir de Seasitute et désclavage La nommée

68 485 2264 121 de te Vonmét Marie Marie jeanne negrese Eréole agée de Sure ons et le nommé Paul negiillon, aunsi lue d

77 563 2239 105 Jeanne &Panlagé amenfanse tous deux ses esclaves; à par ces presenses die a declaré qu'elle t

62 635 2264 97 Par la Citoyenne Renonce à Tous dioste ae propisété sur les out ceux esnlaves, Voulanc et ontant le de

77 703 2233 103 Rese Digot, quels sonne t Lumeurent Libre celeurs personnes, et quilse Puifsen

58 775 2258 117 Cunaent Comme Tels Jouir at Diens, prisiliget et Prerogatiel cs pesoniel met

440 855 1888 98 le de Condision Libre; que pour parvesnir à leur Procurer La dite Libersée, le

485 931 1831 90 Sa Conformer à Lesprit de larrété de l'assemblie Coloniale du lingt Louit

475 1011 1845 99 Panvier mil Sept Cont quatre Vinge Oure, sur le fait ca affran chissement

508 1083 1800 92 Elle à Fait annoncer son intention Par la Voige ces affiches Sibliques

501 1159 1823 94 E que persone n'a mis Opposision a Cer Acte de Bienfaisance Ainsi qu'il

491 1229 1825 94 Reneste du Cenifficar enl'agne Vationnal Pies le Dercctoire en date du

493 1301 1815 106 Vings VeuS Venbiniaire dernier, qu'elle a ae suite Acquitte les voin

506 1387 1759 94 de Commune Suivant quistance du Pievorier Guseral ce la Colonie en

491 1465 1792 96 Dase au meme jour, lesquelles dites Pieces Par elles Representret lui

491 1541 873 86 Out eté à Linotant Pendües.

742 1609 1560 100 Due Sonlant mettre les dits affrancais dand le Cas aune

458 1681 1833 92 Pa devenir à Charge à la Colonie ; elle leur à par Ces presenteit faits.

469 1742 1822 117 Donation entrevife, Gure Simple irrésvcable l dans la meilleure Vong

489 1830 1788 101 que Donation Juisse Valoir, Ce acceptant Pour les oite Affranchié les

469 1892 1787 121 Notaire Soubsignés, de tout a un Chacuve la Biens Meulles Dimmeubl

479 1970 1753 121 Deniorl Comptantse, et Antres qui Se Trerivesont lui Appartenir au

491 2075 1772 96 de son dces, en quelques lieur et cndroitte qui sa Trouvent afsises stues et ene

479 2147 1749 123 quelque Sommes qu'ils Pifsent monter ; Pour par les dits marie jeanne &m sai

473 2223 1810 117 en souir, Faire et Dispoir en boute Boprisé, lComme ce Crosé Leum

462 2293 1821 123 Appartenante Chaeme Par egale Poisson, à Compter du jour cee son Dit

450 2379 1845 152 deu Jusqu'an quel four, elle Sen Resite L'usifruit Jeslement Pour en

473 2482 962 117 foiir à Pitre ee Constiit et Frécaire.

657 2527 1632 133 La poresente Donation Amoi faite, Parccque Telle en la volonsé a la

479 2625 1804 113 Donatrice ; Laquelle Promes et sobtige en dur de Sorgner, noummy Vétie

473 2705 1818 111 L enretoir lesdur deur Affranchis bants en Santé Comme maladie Jusquan

475 2821 566 61 moment ce son Ccat.

639 2837 1642 117 P our faire Enregisirer l Lessinuue les dites lusistite Parrant au

460 2929 1835 126 Dérone Sera, La dite Donasion en a Donné Pouvoir Au poortend Aolu

477 3040 367 140 Requr Citr.

686 3112 1609 119 Amoi Letout a été Anété, depulé lonoiné Par la die Biogenene
