2808 2479
772 70 1914 154 Lequel à Die que la Convension Vationnale Dans Sa trance duvingt

584 161 2120 143 Cinq Janier mil sept Cent quatre vinge bieire (8f après avoir a dopté

575 252 2115 122 Au Nour de Lanatio la fillei vinque Deichel Pilleue A Jicrete à

566 345 2140 130 Lunammité que ladoption, Ceste Bille matitusior des Romanns fenoit

555 424 2142 148 Dorénavant Partie de la Légitl dation Francaise. E de deuutr La Convecnsion

564 528 2170 130 A Chargé Sose Comité d legalos législation Ce presenter mesament Le

564 607 2153 151 Projet Du dures Sur Ladopion le dicut a sans doute été presense

570 714 2144 126 Le mode dacoption detomine ; mais il n'ési pait Encore parvenit de la a

570 837 721 99 mettipole en Eerre Colonie.

744 919 1988 105 Cependant Comme le principe en en Durété Le Comparant Mmiu par

551 1024 2183 97 Des Sentiments d'une vive ten drede pour la nommée marie Jutienne Cicole

573 1097 2170 119 agée de quatse aus, fille de Claire Vésonique Aaffranchie Par le C^ Langlois

578 1187 2156 147 Ladopte pour sa Pille Dvont que la D^e Brarie Jnlienne Porte Son

540 1291 2228 109 e oni E reputie Son enfant Cherite Commé bette Lans Sa Saccebsion

553 1388 2194 121 Pauf quand à la forie Sentement le mode qui Sera Deteme par la

581 1541 347 75 Conventton.

826 1600 1973 87 A Ce faire Coient present Reont intervenue la d^te Claire Vironigne

563 1688 2220 99 Demeurante en Cesa Ville, Roncire Civoyen Antonie Montoin Commera Amarie

564 1797 2197 91 Jeanne Montanna Pere Binrs Lu Comparant Cemeserantes En Cettre Ville.

841 1892 1920 117 Aesquele Ont declare anre Lscoption Cy debsus faite pan le d^t

559 1981 2209 126 Prancois mouror Comira Lenr file pour Agraable, Epar Cen Presentes les

569 2103 2170 96 Dte Antoine meretie Cemera, Dmari Jeanne montana ont fais Donation

588 2181 2182 117 Entrivifs Pirsivocables, à la Le marie Julienne A a Janommée Louise

570 2269 2184 134 Ehonore Sa Domr Vune maisoe Construite Celevée Sur an terrein ine

573 2361 1495 116 appartenant dLe d^e Claire Veronigne Pus

2555 2408 214 69 aqa Nos
