2583 2479
289 70 352 114 2 Charnide

691 143 141 53 ovis

268 166 518 138 de la Rrepubtlige

2042 187 382 66 din quarnteuvainn

261 280 329 69 caare

2308 235 71 98 2

257 352 612 101 defHan chisemeet

841 301 1711 167 Esitant Les notaiz a lple de Fracies Soussiges fat

242 469 511 84 de la ommé

776 454 1765 110 Etent Fratcois la fous Vonnelece Vasticiluce letoyen dt cette

242 579 464 88 gé anne, par le

728 541 1770 125 Vellé du fort de La montagen y Demeurant Rur de l'hopilal.

232 648 237 70 Nu

373 688 2172 90 da Tesfoud. Tequil lu condiration ser sestiun lde Tattachentent que

230 771 479 81 monmn

698 786 1838 91 lui a Ounoigee ler notinne Jusiie Nepresse reole de catte gsle

628 889 1895 98 Ldont et Teat la Recopeuse la pou ces Fresente Sectare

683 1008 1854 80 Rmoinenr lomme Se fait et Tenonne, a von Dorts de

675 1093 1862 91 Vroptietté quil pout atont suu ladite qenine, Joutaa E

643 1196 1924 73 untendant qu a comptece Sece pau elle dit Feureui Abre de

641 1268 1918 98 Sa pessonné Leonuue Celte Jouisse de hour Aoste, Progatitée

606 1366 1833 86 L Mivileye accordie ax tetsoime nue se condition libre

670 1497 1841 89 Qtue Vonce Se confermmien a da Lo l'uce la fait ds

593 1582 1921 120 Affrancheerent et a fait unnoiner le Setaui on ll Etoit le Lui

500 1680 2060 142 Donnue la honte, Dyne Vessonne ces l'ett opposis et acte de

588 1751 1970 155 Aunfensamce Le huincoinité d'après requi Résatie du artifunt

493 1881 2066 146 le de Jaquet antional ecn dutte de lagt muit uehe son denges qu'il

553 1995 1988 138 a Represte deuf notaiiee Soussiyens, Mnuse pue lla quettane des

552 2107 2002 151 Dione par lui payes at ret reyare au vesoa queral de

535 2218 1988 182 Ja Aimmine Le mence Jouu lesquelles lun lui ont de sur

753 2367 1070 110 Requivitene et Justant Reudice
