3508 2479
524 254 43 87 2

483 337 94 131 a

466 414 91 110 En

442 736 89 66 et

439 834 107 212 8

1291 140 2207 105 au a liey et Supplie sa Diane majeste de lui fans misericorde, a fait et unsa

1238 229 1048 107 deuté son Testament aini qu'il Suit

1399 291 2089 133 Jai une negrene Esclave nomce Sephie le Caste mozambéque, elle mabien

1258 388 2237 127 et fidelesent Servi, fe veuxen Consequence qu'a Compte du sour de mon dués, elle sut litre

1231 473 2248 142 et à Ceteffet se lui donne f Legue non suclement Ses Rabits tenges et haider, maisencoe La

1217 548 2256 153 Somme de trous mille Livur une fois payee se veuxen outre que les fraix de Sa liberte soient

1188 644 2315 143 Supportée par ua sunession, à l'effer dt quoi se donne tous pervoirs à mon Epeut rer le tamatri

1195 782 382 107 Ci apris nomome.

1444 753 2024 162 Quant au Surplus de uus bien se le Donne et Ligne ausitoyen Dacntiboust mantent

1194 863 2272 138 mon aniess Camainde te mon parent que sintitoe mon Legotaire uni versil et

1183 1009 771 98 mon Epauteur Testamentaire

1413 1030 2031 162 le fût ainsi fait et dicté par le lesateur à nons dt notaire Soussigné, peisa

1176 1134 2289 163 lui par nond au l oelér, quil a dit bien entendre et y perses crer. au port La mintagne

1144 1238 2295 179 Jsle en france en la chambre ci devant designée te tteig Boumain an 4 d la Republigue

1112 1334 2343 187 fancaise une Dundivisible Vert Cinq heuridet danie de Reteure et a Signé en presence

1067 1435 2329 199 Des Citoyen Bhileppe Gellot Capitaine au Cent Septrme Gegissent, et mcolad Chaile

1089 1549 2325 176 Ber mondcherurgien à L'hopital de L'Etat deneutant en cette ville tous deux temoine pour ce

1078 1659 2245 191 Reguers Dappelles Lesquels ont Signe auce le Tevatar &e nons notaiis Signé

1041 1782 1900 191 Loid Gomilourt Sarquispée. Gillot Bermond. L Durant

2081 1934 431 76 Enuite est revit

1039 1972 2361 228 Conttroté Aufost N. Jle et France Le 18 Brunmaiie an 4. Equarante Sols Signé

1043 2191 192 125 fure

1385 2159 1957 183 En regitre par emoi freffier enchif dutribiissat dappel Aliste et france

1377 2286 2001 170 Soussigné Sur Lorigmal represente et blendr après mattion faite rocmon
