3333 2479
2890 41 397 103 Dagor ve

634 253 372 102 En Caport.

1638 78 1229 226 foiie felix noir Jndien Eselave du Cite

885 247 758 166 Leaquelit Enpresence D

1822 134 1443 237 les Plainur de ilhemie on il demeure onte

2952 307 274 84 Livses.

2483 341 431 113 e doure mille

626 323 1161 207 Commanouir sur ses habicasiond

622 235 2427 388 dit que le D^t Rohais danse Lavüe dr proceurer la libeste an du Pelix a

610 420 1849 293 Sollicire Le Cit. Bayot de le lui Sendré pour la Somme

2773 599 394 103 6 Ce que le

618 395 2589 399 auc quoi le Cit. dayor a Obsavé que satisfait dul Jurioes que lui a Rende lil

614 534 2418 359 Loiie felix, il avou Lui même Concr Le projet et l'affranchir ; mais qu'il se

548 667 2148 330 eencontre dait. Ce momente quelques Obssacleit à L'exeuution &8 Ce projet

3209 888 73 69 2e

600 696 2570 378 Louis velix quoiqnemoyre lui est dine Telle utiliré quil nepeur Absolement Se

1340 829 1829 236 Piisquil n a Actuellement Personne que suinse le n

574 1030 727 142 passer de Son Jervrie

610 1140 383 111 Remplaur.

1016 907 2158 287 en ce que n'ayant pant Encure procese an partage deit Biende de Se

590 1013 2588 318 Conmunante, il inapent pair le permettte de sisposer ud tosil felia, artendie que

575 1100 2669 314 Tous les Enfand de lui Comparant Out Enoesmble Sur Ce noir un drois Egal a celui

575 1183 2694 311 d d^ Comparant, qu'ainti il nepeur acuillement Rimmplir lst formalites tregeec

568 1290 2642 286 Par la tor pour la valioiré out Affranchissememet, puisquencord quelquesuns d

552 1386 2676 285 Ses Enfamt sons Absende e la Colonie, 4 que meme Pour teeminer Avec Eux il est

517 1503 2726 258 Dante La Pecisnité d'anendre leur Procuration ; maie il propose de fengager de

535 1590 2736 254 Remplir, des quil Ama la procicratrot de sit Enfanme Absenir, Dontes lesformalian

548 1706 2695 217 Teqcites Par La Loi pour tut affranchissiementt, afin de Rendre Legal Celit de houis

546 1798 2650 216 Efelix, de laiser c Ciaite dennner cit Ce moinent d en toite propieté la Somme dmn

484 2065 47 71 6

548 1906 2670 199 Vaure mille Livsede affaie Par Rohan, Vour Par Lemil felix la faire Valoir pour son

531 1992 2610 204 Prope Compte ; v'ajoutre a ce Produit en faveur oudtt Louise Selia une somme d

3253 2109 19 64 1

479 2082 2752 217 dix luit Cent liveit par au et tays detages et saxante liveir cermais Pare

539 2207 2676 179 mont, Mmoyennant qui le du Pelix Rebiera a son jervices Cenpropoisierit ont ete

710 2313 2566 153 Ee Par le d^e Rohari, en consequence te Cit. Dagot Seclare A Son Egard les

2611 2396 564 81 Dobligeant Cn
