3317 2479
81 228 67 77 2.

63 322 88 100 an

55 377 86 77 En

100 581 19 56 6

55 676 81 52 et

57 761 100 76 So

997 71 2198 181 Son fils Naturel Json ce defante Thuire fanmne de Conleur, La moiséé

920 172 2328 173 Vet tous les diens qui lui Appartiendiont Res d son aices, Plus une

986 278 2200 159 Tommode qui en dans la falle, ceux Tables un les Garnm, trois

982 375 2233 157 Chaises, un Grand Coffre Garnie en Eiire, Pons son linge et harde,

979 479 2259 157 Doure aiettes, anc soupire, pour par le du jean Thomas soiné de

976 616 1259 120 Dons las Cits Biend en Tont proprieté.

1334 677 1947 152 et Quante Au Jurplus de les Piens letestateur les Donne

987 773 2305 142 E legue a la Eitoyenns de Conleur nommée manon malgache son

972 886 2298 149 Affranchie, et Ce pour la Recompenser des Jenes ee joinse qu'elles

958 997 1006 141 Set Donna Aupres de lui.

1304 1048 1934 155 Te fut Ainny Sait Acté, et nommé par le dit Testateur

962 1166 2328 172 apierres pves Balu notaire pubries semeurant en Ceste ville vüe de

960 1294 2321 146 Dropital au Ciroyen Barnabé nicclas maitre Pomprer Au fervice ele la

950 1397 2340 155 Republique Demeurant en Cetre ville Aupetit Champ demars et auficoyen

944 1517 2345 150 yves Guillontie, Couire maitre Charpessteer omploye en Ciport au Servie

942 1636 2319 146 de la Repubtique, Demeurant en Cette ville Rrie de Desqital legont,

942 1744 2335 127 Demoins Pour Ce Requis et expres Appelles, en presence Cesquels, la

947 1852 2357 106 Present Testament Ayant ete ln Trelu un mot après lantrt Au

940 1950 2331 136 dit testateur, il à declare y Persnitir ai etre ses Damores Volontés

949 2052 2314 122 Revoquan tout testament Au Codicile fait Avant le present.

932 2162 2378 131 Auquel il Sarite. fait et passe en brevest à la requisition du dit

947 2246 2321 139 Destateur, et a Coré de son lit, posi lville e la montagne Jsle de

1027 2371 2259 106 ne le drodi d la Troisieme decaile tevindenuaire de lan quatre a
