2767 2479
2115 8 415 98 en quante sexieme

191 77 585 81 Aete de Depot du

168 152 625 71 testamant de Louise Zose

853 162 1777 129 Ae jourdhuy ett Comparie Devants lea notaires Publies a l'Jsle

161 218 672 82 par Jugot son Exctat.

165 267 2444 104 testamantaire le 21 de France Bussignés Le Citoyen Julies Jaqut Patron de ce batteaut du

699 331 1795 104 Citrage du porte de Cette ditte Jsle zesidante au port du Nord uest.

185 366 489 96 frinmaire en 4rce

176 435 164 77 2

468 466 222 54 —

900 415 1762 105 Lequel a zeuuis a Deliste L'un des notaires soussique dit la requis

713 479 1923 96 de reuvoir en de pot au vang desinissutes de son Aude le Testamment

391 466 55 111 8

699 541 1959 89 de Louise nose femmee Littre de Couteur, zuu en brevit par le d^t Deliste

720 599 1938 103 ae Doure du pesent mois, en présence des témoins par Lequel testament

738 665 1917 102 La De Louise ose Justitue pour sa Légataire universille Catherine fuie

735 727 1936 106 libre de Couteur filte de Josalie affranchie du Cit Garreau, redidante

727 801 1950 90 Au Camp dea matabarde Demeurant a pui de Distance de la testatrice

702 862 1953 91 de touse sea biente pour en Jouir en toute propriété de la quelle d^e pièce

728 928 1949 110 péalablement represintée aprèce avoir été Signée et paraphée duedita

721 995 1920 101 Notaires Son vignéce, le d^e Beliste Vest Chargé pour D'Julle et des

702 1065 1989 100 presente etre délivnée l qui il appartiendra toutes expedition Lequises

731 1126 1921 91 et nmcessaire dont acte Sait et passé eu Double minute au port

721 1195 1935 85 du Norduett Jsle de France en Tetude Lau quatrieme de la république

736 1253 1930 91 Fancaise une E Judivicisle le vingt un Fimaire avant midi et a led^

716 1320 1964 98 Citoyen Jugot declare ne savoir Ecrire in Signe quoique de tce Enquis

746 1406 1381 88 et Jnterpelle suivant la Loy Sepres Lecture faite.

1045 1459 1274 105 Juit la Teneur duc Testamant.

836 1531 1818 124 Pardevant moy François Dehiste notaire public à L'Jsle

261 1598 463 89 Destamant de

736 1630 1949 84 de pauce et les temoins Cy apree sous sigue  fut presente Louis Bose

216 1678 479 86 Deffunte Louise

778 1692 1917 91 feemie Libre de Couteur, majeure affranchie par Diffant le fen Verrierre

231 1773 333 71 Nrose 1

742 1769 1890 83 Vofficiur de marine Marchaude, La de Rose residenté au Camp dit

756 1837 1951 88 Malabard, de la ville et port du Nord oueste de la ditte Jsle de France trouvée

752 1917 1948 73 en une Care procze De la fiencur appartenante a madetoine autre feie libre

749 1983 1940 80 de fouteur sa Voisine, giffante sur un Lit malade de Corps mois fance desprit

763 2054 1880 76 Mmoire Jugement et Enteur ement ainsiy quil est apparu aur dits notaire

754 2111 364 60 et Tenoin.

954 2176 1709 90 Laquelle en vuc de La mort et Craignant d'et etre Surprise avant

757 2233 1914 91 davoir mis ordre à ses affaires, a nommé et drnté auxS^t Notaire ehite

765 2302 1886 95 presce des dtemoinsson Testamant et ord onnaice de dernière Volonte

763 2363 480 87 Aemsy quel Suit

906 2422 885 55 Declave La Testatiue quelle por de

5 410 32 61 10

0 1233 68 51 2

0 1820 101 43 e

0 1885 115 45 que

0 2019 26 46 5

0 2185 136 92 Savie

0 2277 157 78 &
