2479 2517
611 22 676 98 Cnsieité Est Ecrit.

1375 1 1063 138 Diir De Posie ordonnance Ie ce

458 99 894 130 Sigue L paraphé ne vasctice An

415 74 2036 239 Jour, etant auproies verbal d'aposisson De scellés de Ce jour vingt ling.

335 343 23 42 4

418 174 1811 249 frmaire Au L° De la Repibliqne Frangaise. Signé Risdelle

1180 302 1245 176 Enregistré par moi Greffier en Chefdu

1187 399 1244 165 tribtnal Rappel, Soussigne Sur Lorigmal

1180 508 1233 135 moi represente, le rendie Après mention faite

1180 584 1268 138 Sur icelui Du presents Enregistrement. Auport

1176 662 1242 151 N: C^t Jsle le france Le 2i mvise lan 2

2165 767 258 65 onze mot

1172 770 978 141 De la Rep^t faise une Luid^e./.

1186 880 439 108 Rayés Buld..

1959 1002 219 123 eft Jice

1005 1280 1430 147 Lû Contract Ee Mariage Passé devant

903 1392 1555 126 Bombard notaire Qui en à minute & son Confrere notaies

933 1476 1495 123 En Aine Jsle, Le 6 pracnial L'an vᵉ de la repᵉ faise.

942 1573 875 96 2 Controlé Le V. Du d^t mois.

1471 1654 199 89 Enize

975 1691 1452 140 Erancout Epidon Citoyen De Contenr donscilié Au

947 1808 1508 106 Canton de pamplemonsses fils Mayeur cc cefursta

944 1907 1502 87 Capidon Tmarie Vivants Domicibies au dit Canton

927 1989 1307 91 Aipulant pour Lui Ren Son Noir Pune part.

994 2121 1450 107 Cantin Dahour Are Nonm & Comme Outeur De

258 1258 38 108 F

39 1343 506 95 8 Bairial an 3

29 1433 590 67 cppamuenemri

57 1496 596 85 Contract De mariage

235 1559 153 77 Cinre

60 1595 77 158 fon

202 1644 245 75 Capidon

184 1760 286 117 Dobachy

58 1862 536 88 tmunnitit
