1626 1607
51 24 1487 128 Rose Biges, Laquelle Vour l'exepision des presentes, à affectée, Obligéé ae

57 107 1478 94 Lyppsttegaie Geniratnen vond sis Tienl meubles ae mniublis, Presenta

60 176 1438 93 4 avenie, et faite Secsse de Somicile en cette sile en la Senure

30 249 1469 92 Susorte Auquel Liun Tonolistant, Bomettant Rligeant

53 320 1451 91 Renoncant fait Epasse en Souble Muite, Alupos de la

42 383 1505 96 Montagne dela qe trance en titude, Lan quatieme de la Repubtique

61 436 1457 103 Rancaise mie E Sndivisille le quatre Brinnaire Après midi, la lad

53 499 1484 108 Rse Bigot Declare ne Savour Crire ni Signer de Cemquise Suivant

85 579 1447 98 la La Etinsi Quil ene ln aue Leur Jminustie Des presinssi

19 649 1513 106 Dour Pnne est Tour être Envoyée An Biercau dese Chartir, D'aie

75 716 1477 107 Contsolie Le sept Du Menie moid Par pousser qui a Rqé quarante Sols

74 799 1492 83 on Semenice en la porsission Ce Sorand Lun de Notairet Joussignée Signe

77 892 348 65 d Ostdet Souand.

657 936 878 63 nregistre Par mn Greffier En Chef du

594 982 959 75 Cribunal Dappel de lsle ce france, Soussigné Sur

585 1057 976 55 une Eropecistion à moi Represinte l Rendue Apres

578 1127 986 56 mention faite Sur Sulle du presens auregistrement.

744 1200 822 54 Anpors de da montagné  Jle de france

560 1245 991 62 le seire Prnmaire Lan L^ de la République

551 1313 591 49 Francaise mie la Andisisibte

1108 1383 133 83 Anf

1306 1412 32 53 4
