2479 3092
623 1 730 110 que voutant coutee les diax

489 1 1380 227 Charge à la lolonier, elle Leut a par es Sᵗ procnter far

468 1 1947 333 pare et Simpt Loisesoablegest dans La meilleure forme que do nasion puaie

458 99 1971 339 Valoi, Ce Amptant pour les S^t affornchie les Notaiie Soussigné, et tour et u

462 207 1898 354 chaar les biens tsemble linosssenbe, Deiers Despota et autres qui ses

465 328 1952 347 trouvecont lur appartenie au Jour le oor deé en quelques lieux len dicits quil

456 474 1961 297 Se tevuvent assis et oaleur, La quelques sommer quil peux ent montes, pour

481 568 1943 332 par lesd^t marie Jeanne LPaut, en Souire faur l disposer en toute proprecté

453 656 1989 324 et Tommie de choe leur appartement Chane par Egute portion à Cormptes du

470 752 1971 342 jour de Sond^t Brés, Jusquar quel sanr ett Sen reserve Lusrfrait Seutement

2109 951 321 122 et soblige

462 877 1960 304 à titre de Contitut et prçoi La presente Donatioid amis fait

470 1016 1632 284 parceque tette est ler volonté ee lad^ᵉe Donatoie Laquelle pronsit

458 1094 1998 292 en outre de ssigne vélir Len dreteuir les S^e deup affranchir en ente Comme molaire

439 1317 815 177 3Jus quace moment ae Sond^t Deus

814 1437 89 93 Et

901 1288 1514 237 pour fan endregistrer Pisineur les d^t presente par tait au

463 1370 1967 265 beai Seva, la dosatorie en adonne pouvorr au Soliit et der requerir aite

639 1475 1826 261 Ainii Letout arté arrité Rignuté llonveme par las^t bore Bigol, Legaete

463 1566 1991 282 pour leparation des proented de oblegé affrite l hoppol hegné tous Ses bience menten

431 1640 2003 311 Liinnmeublés presend Davenir; f fait etusion de Domicile eun atte Jsle, en sa

472 1752 1940 297 demaire Surdt ; Auquiblieir nonobser prosestent, obligiand Benoicant

477 1822 1931 308 fait e jaie ar double missate au Soste isla tmon dagne Jsle et France eon l'llui

474 1925 1972 297 lan quatrime et la Republigne Française ae Lindivioible Lequatre Bounsant

470 2030 1936 301 aprés midé La lade Eore Bigot Dclate em Saivoir leviidnn Signer de le

1604 2221 529 106 en margesent

465 2183 1263 242 Erequiie Suitant la lor Signé Bitur LDouiame

491 2296 1936 237 Controle autoat au La tronsgne Jsle esfrance Le J Bransaiie au 4 B

486 2495 732 179 quarente Sols Signé Serser

776 2458 1656 244 Enregistré pour leuir leur démiation Suivant Lus apertelte Colanée

786 2580 1660 218 lus las jore par mis greffier eu cef dubsibenab dappel eslisden fne

800 2655 1612 206 Soussigné, Sar La preneiere miante denvairie en ma possubion avtuu

810 2715 1614 217 quaile ernotiene depesitanr decelle dusit Devenr, Sus laquelle

828 2786 1597 226 l'aifait aetion du susent fert nond aux Jsle enfrance Ceout

807 2942 630 139 préviox ale Pose Rp

1443 2933 53 69 e

1669 2916 280 158 Axffon
