2975 2479
304 333 25 63 3

278 465 55 55 6ᵃ

272 676 46 55 et

269 746 72 150 9

2205 63 450 99 Vamplemonsses

1621 101 581 146 Publie Au Canton dul

988 206 617 134 pliste Bombard Notaire

881 112 1781 292 Demesurant en Presence decé Citoyens Pierre Nicolas Bosicher Cure

840 369 11 64 1

2123 301 526 135 coimt a Ce requis

1287 207 1372 239 ne françoin Vu du Canton et Cuillanme Francois

736 393 447 119 Sa la paroisse

2324 476 342 96 Bermtre, itre

794 353 1292 244 Prallaie Toui deux doncilier, An d^e Canson Ce

1785 532 484 105 Jlle A declare y

1378 592 350 84 La Testatrice

790 404 1901 269 devant Lesquels de d^t Cebtament Ayanc eté lu et relu un mot

791 639 560 132 Apres Pantre a la

797 623 1468 235 Sesderniere Polontet et Mavoir Rien Ay Changer.

1082 685 1596 232 ait et passe en fimple Miite A Coté du lit de la

794 773 1926 243 Denatrice Lien feud Janton Lu soit le presmeer frnnaire Oix Heures

1961 932 733 117 Notaire Susdit La mmite des

740 851 1962 253 Dux oix l'an quatrienme de la Répuiigse Francaise et a la dise Testatrice

785 995 1136 167 Ainsi Que las Temoins Signe Avoc Dombaré

771 1008 1898 232 Presenton, Controlée Anport du Nord Decest Ssle de france le heut Finaire

764 1093 1877 227 An quasre par Seavier Qui Amargne Réerr quarante Colss, et Demeurér

969 1192 1488 194 à Ju Bonatrerd Notaire Joussignes, Signé Bombard.

775 1334 158 109 Anpor

1481 1331 1168 135 Enregistre par moi Greffier En Cne Fon

1451 1407 1249 129 Critumal Dappel de viste de France, fonssigne

2762 1535 22 46 —

1436 1505 1270 106 Jur une Expediion Amoi represente Alendie

1442 1585 1287 96 Apres mention dur Salle an present Enregistrement.

1512 1660 1191 117 Au Pan du Nord Ouest Jsle de France

1437 1762 1276 82 Ce Oure feinmaire Lan N. de la Sepublique

1468 1838 1246 90 Francaise ue & Jnd^dte / quatre mote ranes mil

1444 1917 747 93 demot Soir Selc harge à pphouve./

2151 2024 285 106 Cexftsin

1253 2331 1456 105 Du Contract de Mariage Entre Lharles Jean

860 2185 40 39 30

265 2348 54 91 3e

338 2377 535 84 It Ven dennant au L
