3467 2479
2819 60 499 106 Cinquante quabio

1752 221 1708 142 Cangoise dobachi fille mneure Agé Dequinre

1692 362 1765 106 Ans, en la d^t qualité Riyoulant pour la d^t

1720 505 124 45 borse

1847 480 1610 117 dobachi, étant presente Det Son Consentement

1666 616 1131 111 a ete extrait Ce qui fent le

837 747 2614 144 EVoulant Le Picture épix de donner clede margnes, de lamitié

650 882 2803 123 Qui des portent a Juura, ils se sont par les Presentes fait conation entrenfe

651 1006 2800 97 irrévocables Den La miilleure Sonne que Donation pesit Valoire Au

639 1127 2823 108 pervivant desnt dens Ce Acceptant par le dit Survivant la dite immeure

633 1238 2828 107 Antorisée par son Euteur a Ees Effet Detois &Chacin Leurs Crende meubles

632 1364 2814 101 Cimeubles propre Acquets et Conquete & tous Antres qni appartien dront

641 1473 2798 109 Au prenneer mourant, lors de son deces ; pour de tous les Dits Biende

648 1603 2805 104 Jolir par le Survivant faire Cisposer en plaune proprieté Comme Bon

640 1720 2821 89 Lui Semblera et a sa volante ; posurvie Neannoinsquan jour du deces De

652 1834 2795 98 dinn d'ense it ny au Ancuu Enfants Vivants Cie à daitre du dit

603 1948 2847 102 Mariage, en Cas quil yenente Equils Vinssent à dececer en Anoirte

3141 2042 138 59 109

633 2067 2813 100 on Jand avoir Calablement Dispose de loure Bienit la Le Sonatin

634 2163 1155 135 Reprendia la force Verte.

958 2312 2456 98 Convenme lipendant que le Putur Oposur attendre quil apporté n
