3492 2479
2958 77 229 74 peveyie

688 152 2480 211 le Gerir facilement a prese de fracie d Donner Deanconp de ll

687 238 2782 219 Revenu, E plus il ya malgré Gquelon bire des Bont il Angmentera bouridultan

691 330 2774 215 Devaleur, vu sa proxemité de lembarquernent, sa sivation son Etendiüe, l

673 415 2795 224 La quantité des Reause bois qui font dessus Ele sol tree Bon Pour Las

688 486 2784 257 Cultiere et que Cest pour Aini dire le feul Bien Autour de lésle qui puisse

807 636 2606 198 lir Dassurer uné fostune a son Maitre. Déja il y a ie indigoterie Le

702 768 81 69 o7

692 713 2775 227 Commence qui Bomet Beancoup. Pan Compter lut Antres Objetel d

669 822 2809 217 Production, en Vendant le Bien de la petite riviere on penn Ritirene jois aute

668 933 2804 216 A 100 Esclaves, t les messre ala Javansie aAlont le travais serone a

647 1006 2785 270 Proportion pluil envignence Ela Cuttire l Sede Boit prodeuront tont à la

2891 1275 180 139 1789.

2805 1315 46 37 —

2746 1278 42 78 5

676 1308 182 84 fonr.

848 1286 1883 191 Voila bont Ceque Jai ji faire Ayjourshoui 8e

859 1452 749 149 Signe de se anbin.

1389 1532 2096 161 Dien ayant 250 Eétes D'Esclavet Grande Tpeits, hommes

652 1638 685 119 C fésinne que ce

743 1648 2744 200 t Semimes, il pent produnie det an Momi 100 mille Lisrir par an en boide

663 1740 2824 236 Jeulement, fans y Comprendre Lindigoteie que Dourra peut etre Bonnes

666 1859 2820 199 Antant, & Cnliver les Duriil des Noires ; Cestaimement Ce bien esc e

652 1959 2835 208 unapreciable. Con pourquoi mon aves est De le faire Valoir une vingtaine

648 2047 2838 228 danes et plus, Betirer parsi de toit Les bais petit & Gros De

663 2204 2700 184 Lindigotent, an E du Troupelee on ne pent pas encore fix co Le prodent e

637 2290 2831 187 Lindigotene, mant on peut Croise E fartendre quen Sercant Jur les Objes R

2890 2401 330 76 Le Livrete.
