2567 2479
1985 22 473 79 quarant Sexieme pillet

2161 101 58 42 29

2513 158 22 51 4

67 161 2381 148 Ve Beumaird Pardevant Les notaires Jubies a liste ee france Joussignée fud

2484 293 58 47 mir

169 298 273 86 An N.

530 260 1943 117 in Compariée la Broyenne de Couleur Nommée Masson Affranchie du Eitoyen

73 367 519 65 Anmmie

2478 378 76 57 Voun

556 351 1322 113 fean Quevel Charpentier au Serrce dela republique.

2509 411 31 73 4

82 457 473 87 Sepor de

717 413 1771 119 Laquelle a Renis a Balu L'un ces Notaires Joussignes ce la regunde

66 483 2432 146 Pestament dutrecevir en depos au rang ce ses Minutes, le vestament du Citoyen Jean

141 647 17 44 8

621 561 1899 124 uvel Charyentier au ferrice d la répubtique, Réeu en Trevet par le dit

86 648 513 110 Jean Guivil

555 637 1992 139 Balu presence Actemains le vingt deux vendennaire Presente Annce, Par à

228 735 86 88 31

549 746 1994 127 Lequel Destament Le dt Cite Guivel mititice pour son regataire

544 805 1996 152 universel, le Eitoyen, Jean Thomas son file Naturel Jllce et defante

534 897 2006 138 Eherize Junnes de fouleur, la monié de tous lese Diend qui lui

2491 988 60 49 la

529 1027 1000 110 appartiendront tors de son deces.

817 1056 1696 132 Donne d regue le Surplus on sis bienssà la nomemtt manon

2522 1167 18 58 4

496 1151 1966 142 Malgache son Affrannchie, pour par elle en jouir en doute Proprieté

768 1262 1767 113 De laquelle d^t precr, prealablement representét Après avoir cté Signe

530 1341 1994 124 et paraphée des Notaire Coussignés, le dt Bala Sut Charge Pour dicelle

2522 1411 10 50 1

526 1446 1992 118 I den Pusentes etre celiné a que il appariiendia Toutes ex pedisiont

2503 1502 33 41 2

512 1553 664 109 Requises et neufsairet.

756 1590 1726 134 Dont acte faite et pasré doubles Jelon Ltoit son ce ville de la

2500 1637 35 70 34

523 1670 1984 149 Montagne Jsli et france en Eetude le prnnedi de la Premiere decace de

515 1757 2005 158 Brennaise ce lan Quatre de la Repubrique Francaise ne et indivisiblé

529 1849 1998 163 Apres la mostie du jour, et Après recture faite la dite manon à declare

522 1939 2005 157 ne Javoir Eerire ny Signét de Ce Enquiilete la Rnute de Presenter restre

512 2010 1986 183 en la Possession cee Catu lun les Notaire joussignés sur laquelle

478 2109 2021 179 Minite au Cirnt Eoniiollé cpar dt la MontagneJle aefrance le treize

504 2235 1981 157 Brumaird ce lan Quatiseme de la republique Oigné fernier qui a

516 2349 892 127 marqne Rron Quarante Sale
