2479 2783
242 389 16 42 9

493 1 232 67 Jean .

1172 1 116 37 1i1n

2412 29 43 63 4

488 1 667 138 Demeserent en Cene Ville

1308 1 467 105 Bourqeorde ls Terte

646 43 625 150 i daptette blanchard

1466 1 788 172 cagne temoinde Pour ce Regu

547 102 832 176 e l Ranpare d la Grane

2279 196 165 103 pre

655 296 48 56 i

825 32 1581 277 llés en presence desquils le C^t Testament Ayant eté lic

1960 233 208 88 Cntend

518 153 1761 292 Ree un non aprse Vantee à lad^te testaniee, Ale a declarie y

728 282 1203 200 a être ses Donnerit Volonse qu'elle Vens

507 428 167 97 Pertis

1282 278 1145 212 Pait de passé Appou Loiise Jsle de France

514 446 709 135 Eecertees Apreil fa mort.

1266 357 1161 213 Le Lundi neuf avsel Mail sepr Cent

1495 443 942 167 Relavie dt la d^t tetranice a Signe

510 524 751 137 en la maisin de l C^e tetratice

842 570 607 138 Sext hemes &t denie

1970 585 496 120 du Jaté Jlanchard

514 654 302 105 Quatre Vin

501 496 1933 324 Avec le Notaie dla temoines le present à Etle Delivée En Bresis a fai

813 797 117 57 joi

949 640 1039 208 Signe Rerbereau, Rion, montaige, Se

502 816 266 80 Requisiion

819 691 1647 233 du Marge Es Cent Controlé Anport Loniir Jsle de France

542 862 234 102 & Balu

869 752 1602 248 mil sept Cent quatre ringn Bit, Signé Rouraflle qui

541 943 301 131 Le fept man

923 933 618 146 Récû Pinge Sols.

630 1055 228 92 Marqee

1067 944 1407 220 Jollanonne, par les Notaire d publicse à lisle d^

1034 1031 1404 188 nrance Soussignes Sur la C^te piecu Certifié Veritable

1079 1083 1390 195 Signé et paraphé au Cisnr & lacte aedépôs dont le

2321 1227 153 57 de

1031 1173 1438 179 couble ett dese autrul parti soints a lapremire

1039 1263 1246 143 minute du dit Aete letont Restée Anpouvoir

1045 1303 1423 178 alu t'un veux qui à delivre Ces presentes Ce

1093 1368 1379 182 Jour d'huy Sept Ventote Le l'an Muatre Oe la

978 1428 1497 204 R Republique française une de indivisible Signe Bal

1291 1532 1184 162 Enregistre par ma Creffier en Chef ontsibuin.

1201 1621 1274 141 Cappel de Litle dfrance, Soussigné Jur ie

1278 1753 1196 131 mention faite fur Scelle een presente Enregistreme

1401 1825 1073 146 Aupot N. C. Jsled France Ee Onre

1263 1901 1177 147 Ventore lai Le & la Rpot faie, n &

1266 2031 299 119 en dusible.

1769 2079 311 88 Auft rus

2322 2382 54 60 me

1014 2294 1458 170 Ls Covsaa  Manage parr avant Adequt

992 2399 1309 124 Notarete dn ainoe es lasespreaieme de lxtepl
