2479 3433
1778 1 615 54 qucrantetroieme faalle

288 28 1918 137 fur le ain des affranchifement, et ne pase mettré bede Ct

236 129 2235 122 Paffranchie danse le Cat de Desnr à Charge à la Coloie, il leur à sar lest

297 228 2166 109 Presentes, fait Lonation, pure et Simple et à Chacune d'elles, ce

303 326 2172 110 Acceptant Sour elles les notairede soussignés, eeela somme de ling mille livres

301 415 2174 141 momoye de Ceste Colonie ; laquelle fomme, il Prones et foblige payer à Chaenme

311 522 2162 116 ditée affranchise Anssitôt leur majorité, ou et ablifrement far marrage;

324 616 2151 99 Comme ausse il Prones es s'obtige de soigner, nourtir et entretenia tant lu

303 709 2172 101 Saute que maladie les dies Desor Affranchis et leur donner léducation maloque a

318 818 2147 89 Leur seve, et crat. Jusqu'an moment du elles auront Attiint la ditt majorité, die

322 898 2153 105 quilles Aurons été Josisastise Sourviies par marrage ; Affectant, obligeant

314 989 2159 113 J hypposssequant à Ces effet toute sel Bieul meubles Jimmeu blit Presens &

190 1108 361 82 Pavenss

522 1130 1951 109 Es pour lexecurion des presenset, il à fait Eliesion ae Domicilé en Citre Jle

335 1228 2105 97 en sa demeure Susd^te; auquel lieu nonobstant, Promessant ; obligeant.

351 1310 2093 120 Penoncant ; fait et passe en Double mnute, au Port c la montagne Jlese

339 1409 2136 103 France en sétude, L'an quatriane a la Répubtigne francaise une lindivisible

353 1493 2120 99 Le Deux Brumaire Après micy ce a Signe aux deux minsites des presenter

349 1571 2126 103 Dont L'une es tour ête envoyée An Buseau cleChartint, l l'anne Controlée

368 1653 2093 99 Lequatre dn mome morde Par servion qui à Reen quarante folit, en Demnrée

360 1737 2096 118 en la possession de Dosiand L'un dese notaries soussignete Signé De lisle a dornand

1209 1855 1243 99 Enregistre par moi Greffigo en Chef duisbunal

1114 1926 1353 114 Dappel de lisle de france Jossigned Jur unc ex pedities

1112 2008 1347 95 à mi Represente et rendie a precl mention Faise sur

1112 2090 874 84 icelle du present Enregistrement.

1192 2157 1260 118 Auport dunord Oiuest de l'ole dr France Ge 19.

1116 2246 1351 101 Brennaire L'an &^eme e la répubtique Francaise,

1110 2324 493 105 un cct inndivisille./.

1637 2393 300 174 Cuffon

3 2960 514 80 imomiitt

150 3095 195 103 Cntre

769 2670 1574 137 Du Consract er Mariage de Rosepth Bonnaventure

811 2795 1648 105 Le puillon Lavilleon adjndant Goreral a l'Jsle ee taresion

803 2897 1656 78 en Licutenant Colonel, demeurant Actuillement An Pors er

805 2971 1620 109 la Montagne de lesre Jsle, triginaire de Lorient En france,

816 3068 1651 77 Cepartement du mex bitrase, fils majeur de cefunt Anne

803 3129 1664 113 Josepte Le puitlo davillion et de marie Coventine Bigean

719 3209 426 92 P d'une pranc.

1318 3322 1149 99 Agarne Rugtoghuse Venve de fen Paul

896 3333 386 84 da Cinyenie
