<?xml version="1.0" encoding="UTF-8"?>
<alto xmlns:xsi="http://www.w3.org/2001/XMLSchema-instance"
      xmlns="http://www.loc.gov/standards/alto/ns-v4#"
      xsi:schemaLocation="http://www.loc.gov/standards/alto/ns-v4# http://www.loc.gov/standards/alto/v4/alto-4-2.xsd">
  <Description>
    <MeasurementUnit>pixel</MeasurementUnit>
    <sourceImageInformation>
      <fileName>JK12_2.pdf_page_26.png</fileName>
      <fileIdentifier>pdf//JK12_2.pdf</fileIdentifier>
    </sourceImageInformation>
  </Description>
  <Tags>
    <OtherTag ID="BT8" LABEL="DamageZone" DESCRIPTION="block type DamageZone"/><OtherTag ID="BT9" LABEL="DigitizationArtefactZone" DESCRIPTION="block type DigitizationArtefactZone"/><OtherTag ID="BT12" LABEL="MainZone" DESCRIPTION="block type MainZone"/><OtherTag ID="BT13" LABEL="MarginTextZone" DESCRIPTION="block type MarginTextZone"/><OtherTag ID="BT17" LABEL="QuireMarksZone" DESCRIPTION="block type QuireMarksZone"/><OtherTag ID="BT461" LABEL="CustomZone:closer" DESCRIPTION="block type CustomZone:closer"/><OtherTag ID="BT462" LABEL="CustomZone:paraph" DESCRIPTION="block type CustomZone:paraph"/><OtherTag ID="BT463" LABEL="CustomZone:paraph" DESCRIPTION="block type CustomZone:paraph"/><OtherTag ID="BT464" LABEL="DigitizationArtefactZone:fingers" DESCRIPTION="block type DigitizationArtefactZone:fingers"/><OtherTag ID="BT465" LABEL="NumberingZone:document" DESCRIPTION="block type NumberingZone:document"/><OtherTag ID="BT466" LABEL="NumberingZone:folio" DESCRIPTION="block type NumberingZone:folio"/><OtherTag ID="BT467" LABEL="NumberingZone:page" DESCRIPTION="block type NumberingZone:page"/><OtherTag ID="BT468" LABEL="text" DESCRIPTION="block type text"/>
    <OtherTag ID="LT8" LABEL="DefaultLine" DESCRIPTION="line type DefaultLine"/><OtherTag ID="LT10" LABEL="HeadingLine" DESCRIPTION="line type HeadingLine"/><OtherTag ID="LT11" LABEL="InterlinearLine" DESCRIPTION="line type InterlinearLine"/><OtherTag ID="LT322" LABEL="default" DESCRIPTION="line type default"/>
  </Tags>
  <Layout>
    <Page WIDTH="2479"
          HEIGHT="3067"
          PHYSICAL_IMG_NR="25"
          ID="eSc_dummypage_">
      <PrintSpace HPOS="0"
                  VPOS="0"
                  WIDTH="2479"
                  HEIGHT="3067">
        <TextBlock HPOS="368"
                   VPOS="0"
                   WIDTH="2109"
                   HEIGHT="2997"
                   ID="eSc_textblock_9c050602"
                   TAGREFS="BT468">
          <Shape><Polygon POINTS="620 1 2226 0 2226 114 1933 141 2390 184 2477 231 2477 822 2344 863 2267 925 2144 940 2173 967 2376 988 2477 1042 2477 2288 2173 2315 2090 2371 2119 2399 2465 2439 2477 2901 1824 2935 1437 2901 1273 2928 1212 2997 1091 2997 1057 2963 1063 2869 1034 2847 436 2799 429 2637 416 2576 375 2540 368 2426 429 2308 422 1983 388 1853 416 1770 422 1029 484 911 470 204 504 143 613 107 620 1"/></Shape>
          <TextLine ID="eSc_line_9ca14a1a"
                    TAGREFS="LT322"
                    BASELINE="651 15 1491 30 2213 32" 
                    HPOS="651"
                    VPOS="1"
                    WIDTH="1562"
                    HEIGHT="89">
            <Shape><Polygon POINTS="1263 1 1246 1 1229 1 1212 1 1195 1 1178 1 1161 1 1144 1 1126 1 1109 1 1092 1 1075 1 1058 1 1041 1 1024 1 1007 1 990 1 973 1 956 1 939 1 922 1 905 1 888 1 871 1 854 1 837 1 820 1 803 1 785 1 768 1 751 1 734 1 717 1 700 1 683 1 666 1 651 1 651 15 651 47 704 46 712 49 733 57 734 57 736 57 738 57 770 49 813 39 854 49 855 49 857 49 859 49 889 39 913 51 915 51 917 51 920 51 1004 39 1028 52 1051 64 1053 64 1055 64 1057 64 1087 56 1116 76 1118 76 1120 76 1295 78 1297 78 1299 78 1319 66 1338 80 1340 80 1341 80 1343 81 1462 81 1462 80 1464 80 1466 80 1503 57 1505 56 1589 47 1638 47 1658 59 1662 61 1664 61 1665 61 1667 61 1669 61 1677 59 1716 47 1931 57 1933 57 1991 51 2013 63 2062 88 2064 88 2066 90 2170 90 2170 88 2172 88 2173 88 2211 64 2213 32 2211 6 1275 1 1263 1"/></Shape>
	    <String CONTENT="corta bone Leque jai yue faire de jserdtoin de à 1719."
                    HPOS="651"
                    VPOS="1"
                    WIDTH="1562"
                    HEIGHT="89"
                    WC="0.9288485999460574"></String>
          </TextLine>
          <TextLine ID="eSc_line_6de21237"
                    TAGREFS="LT322"
                    BASELINE="646 93 1203 98" 
                    HPOS="644"
                    VPOS="35"
                    WIDTH="559"
                    HEIGHT="111">
            <Shape><Polygon POINTS="646 93 644 131 676 129 692 134 714 141 716 141 717 141 719 141 721 141 721 139 728 134 745 119 785 119 828 124 837 134 847 143 847 144 849 144 850 144 852 146 924 146 924 144 925 144 927 144 927 143 937 134 941 129 978 124 995 134 997 136 999 136 1000 136 1002 136 1004 136 1005 136 1007 134 1026 122 1055 134 1082 146 1084 146 1086 146 1087 146 1113 134 1140 122 1200 134 1203 98 1201 66 1123 66 1120 63 1101 44 1101 42 1099 42 1097 42 1096 42 1094 42 1053 54 1011 35 1009 35 1007 35 901 37 900 37 898 37 881 52 867 63 796 63 765 47 748 40 746 40 745 40 743 40 722 46 692 54 646 44 646 93"/></Shape>
	    <String CONTENT="Signé de Se anbin."
                    HPOS="644"
                    VPOS="35"
                    WIDTH="559"
                    HEIGHT="111"
                    WC="0.9483837650881873"></String>
          </TextLine>
          <TextLine ID="eSc_line_57a55e80"
                    TAGREFS="LT322"
                    BASELINE="491 219 1793 226 2470 257" 
                    HPOS="489"
                    VPOS="153"
                    WIDTH="1981"
                    HEIGHT="121">
            <Shape><Polygon POINTS="2450 218 2432 207 2415 199 2398 189 2383 182 2381 182 2286 207 2286 209 2223 209 2221 207 2172 182 2170 182 2134 175 2132 175 2131 175 2112 184 2069 166 2068 166 2011 166 2010 166 2008 166 1912 199 1826 163 1824 163 1725 161 1723 161 1512 166 1358 195 1357 195 1355 195 1294 187 1244 161 1242 161 1104 153 1058 153 1057 153 1055 153 934 189 760 189 738 189 738 187 714 177 712 177 710 177 709 177 673 185 610 175 608 175 491 184 491 219 489 224 531 238 533 238 535 238 634 230 750 252 751 252 799 241 832 252 833 252 835 252 932 245 965 253 966 253 968 253 970 253 1005 238 1014 235 1092 235 1121 241 1149 247 1150 247 1207 243 1261 240 1288 245 1358 260 1360 260 1362 260 1392 250 1454 253 1456 253 1457 253 1473 250 1498 243 1525 252 1529 252 1531 252 1532 252 1537 252 1587 241 1607 253 1609 253 1611 253 1612 253 1619 253 1718 243 1902 247 1950 262 1974 269 1976 269 1977 270 1977 269 1979 269 1999 264 2049 248 2090 265 2103 270 2105 270 2107 270 2197 269 2291 265 2467 274 2470 257 2460 223 2450 218"/></Shape>
	    <String CONTENT="d festime que Ce Ddien ayant 250. Pites D&#x27;Esclavet Grande &amp;paite homme"
                    HPOS="489"
                    VPOS="153"
                    WIDTH="1981"
                    HEIGHT="121"
                    WC="0.9484661800520761"></String>
          </TextLine>
          <TextLine ID="eSc_line_733668ce"
                    TAGREFS="LT322"
                    BASELINE="504 291 1861 308 2470 323" 
                    HPOS="504"
                    VPOS="236"
                    WIDTH="1966"
                    HEIGHT="116">
            <Shape><Polygon POINTS="504 291 504 330 603 330 603 328 605 328 681 306 750 315 751 315 792 308 845 332 849 333 850 333 978 335 980 335 982 335 987 333 1065 311 1133 323 1135 323 1137 323 1173 315 1207 327 1208 327 1210 327 1333 316 1374 335 1375 335 1377 335 1433 325 1464 339 1466 339 1467 339 1469 339 1471 339 1473 339 1539 322 1553 330 1554 330 1556 330 1558 330 1716 322 1834 330 1836 330 1870 323 1931 339 1933 339 1935 339 1936 339 1981 327 2045 344 2071 351 2073 351 2175 352 2177 352 2178 352 2192 345 2219 332 2252 345 2253 345 2255 345 2259 345 2385 333 2467 347 2470 323 2470 279 2444 272 2443 272 2441 272 2439 272 2427 277 2395 291 2151 289 2098 276 2097 276 2095 276 2069 286 2022 269 2001 262 1999 262 1998 262 1996 262 1982 267 1972 272 1955 267 1926 258 1924 258 1870 258 1868 258 1866 258 1846 265 1812 276 1769 264 1759 260 1757 260 1756 260 1754 260 1747 262 1699 281 1616 269 1614 269 1580 276 1556 265 1554 265 1553 265 1551 265 1520 277 1452 277 1365 255 1352 252 1350 252 1348 252 1341 253 1290 276 1203 276 1150 258 1149 258 1147 258 1079 272 975 247 956 241 954 241 953 241 898 243 896 243 893 243 845 264 784 260 734 240 728 238 726 238 504 236 504 291"/></Shape>
	    <String CONTENT="Et Semmes, il peur prodenie Vit an Momde 100 mille Lisnit par au en boii"
                    HPOS="504"
                    VPOS="236"
                    WIDTH="1966"
                    HEIGHT="116"
                    WC="0.9465923114783235"></String>
          </TextLine>
          <TextLine ID="eSc_line_3219c4f4"
                    TAGREFS="LT322"
                    BASELINE="504 364 2472 393" 
                    HPOS="502"
                    VPOS="310"
                    WIDTH="1970"
                    HEIGHT="115">
            <Shape><Polygon POINTS="502 402 554 403 555 403 557 403 560 403 618 383 695 383 736 403 743 407 745 407 746 408 843 408 843 407 845 407 852 405 878 393 915 398 917 398 918 398 944 390 987 405 992 407 993 407 1082 412 1084 412 1147 405 1161 405 1173 407 1227 414 1229 414 1230 414 1253 407 1292 393 1353 407 1372 410 1374 410 1401 407 1421 405 1425 407 1440 417 1442 417 1444 417 1445 417 1537 408 1631 398 1660 408 1682 417 1684 417 1686 417 1687 417 1716 408 1739 403 1960 403 1987 410 2045 425 2047 425 2049 425 2051 425 2107 410 2112 410 2117 410 2173 422 2175 422 2340 412 2354 412 2356 412 2388 424 2390 424 2392 424 2470 412 2472 393 2472 357 2431 339 2429 339 2351 337 2349 337 2347 337 2303 354 2282 362 2093 352 2091 352 2025 359 1998 347 1965 332 1964 332 1894 330 1892 330 1890 330 1841 342 1790 356 1733 356 1708 342 1706 342 1704 342 1568 352 1483 333 1432 323 1340 323 1338 323 1336 323 1312 330 1244 347 1169 327 1147 320 1145 320 1084 318 1082 318 1053 323 949 342 843 327 842 327 840 327 813 342 762 342 714 337 670 313 668 313 666 313 613 311 612 311 610 311 608 311 569 328 506 310 504 364 502 402"/></Shape>
	    <String CONTENT="Jeulement, Jans y Comprendne Lindigotisie qui Dourra peut exe Donne"
                    HPOS="502"
                    VPOS="310"
                    WIDTH="1970"
                    HEIGHT="115"
                    WC="0.9754616458024552"></String>
          </TextLine>
          <TextLine ID="eSc_line_657c0c4f"
                    TAGREFS="LT322"
                    BASELINE="518 444 1573 451 2427 466" 
                    HPOS="516"
                    VPOS="393"
                    WIDTH="1911"
                    HEIGHT="99">
            <Shape><Polygon POINTS="518 444 516 471 656 473 658 473 659 473 661 473 687 465 716 473 717 473 719 473 721 473 767 465 881 475 912 477 913 477 930 475 1016 463 1145 477 1188 480 1190 480 1191 480 1200 477 1213 471 1295 477 1319 478 1321 478 1345 478 1496 468 1672 473 1684 480 1696 485 1698 485 1699 485 1795 480 1928 473 2085 482 2173 487 2175 487 2177 487 2187 483 2201 477 2230 483 2272 492 2274 492 2426 483 2427 466 2426 434 2224 432 2223 431 2177 412 2175 412 2117 410 2115 410 2064 419 1958 408 1957 408 1858 425 1843 427 1834 425 1803 414 1802 414 1800 414 1757 420 1728 407 1727 407 1725 407 1606 419 1548 407 1546 407 1544 407 1508 420 1500 424 1490 420 1461 407 1459 407 1457 407 1398 419 1379 422 1372 419 1346 405 1345 405 1343 405 1341 405 1312 417 1307 419 1302 417 1270 407 1268 407 1266 407 1265 407 1234 417 1219 420 1188 415 1140 408 1138 408 1137 408 1115 415 1097 419 1063 414 1022 408 1021 408 983 414 946 417 929 412 881 397 879 397 878 397 820 410 804 414 772 410 695 400 693 400 646 408 630 410 618 408 569 393 567 393 566 393 564 393 518 405 518 444"/></Shape>
	    <String CONTENT="Antant, &amp; Cistiver les Vureil des Noirde Cestainement Ce bien ese n"
                    HPOS="516"
                    VPOS="393"
                    WIDTH="1911"
                    HEIGHT="99"
                    WC="0.9777930036409578"></String>
          </TextLine>
          <TextLine ID="eSc_line_2a4ee62d"
                    TAGREFS="LT322"
                    BASELINE="497 521 2468 553" 
                    HPOS="496"
                    VPOS="461"
                    WIDTH="1972"
                    HEIGHT="118">
            <Shape><Polygon POINTS="496 533 608 535 610 536 642 548 644 548 646 548 823 541 881 540 903 543 942 550 944 550 946 550 959 545 968 541 983 545 1028 557 1029 557 1121 558 1123 558 1224 550 1282 546 1329 553 1367 558 1369 558 1438 555 1502 553 1515 557 1539 565 1541 565 1542 567 1602 567 1602 565 1604 565 1616 560 1635 552 1723 562 1764 567 1766 567 1785 563 1814 558 1831 565 1846 570 1848 570 1962 572 1964 572 1965 572 1974 569 1998 558 2189 562 2230 574 2236 575 2238 575 2240 575 2253 575 2347 565 2465 579 2468 553 2467 512 2409 516 2395 509 2390 507 2388 507 2386 507 2366 509 2264 521 2226 506 2180 485 2178 485 2177 485 2068 490 2045 482 2044 482 1742 477 1706 477 1704 477 1703 477 1660 490 1611 509 1558 509 1536 499 1534 499 1532 499 1531 499 1510 507 1336 507 1283 490 1282 490 1280 490 1278 490 1249 504 1120 504 1040 475 1011 465 1009 465 893 463 891 463 849 470 704 495 603 494 499 461 497 521 496 533"/></Shape>
	    <String CONTENT="ena preciable Cin paerquoi mon avis est De le faire Valoir une vingtain"
                    HPOS="496"
                    VPOS="461"
                    WIDTH="1972"
                    HEIGHT="118"
                    WC="0.970313313141675"></String>
          </TextLine>
          <TextLine ID="eSc_line_0319e2d0"
                    TAGREFS="LT322"
                    BASELINE="494 599 1225 615 2112 620 2397 630" 
                    HPOS="492"
                    VPOS="545"
                    WIDTH="1905"
                    HEIGHT="112">
            <Shape><Polygon POINTS="494 599 492 613 835 618 840 621 874 638 876 638 878 638 944 628 1086 640 1087 640 1089 640 1132 630 1244 644 1246 644 1491 637 1756 630 1844 645 1885 652 1887 654 1945 654 1945 652 1947 652 1960 649 2008 633 2114 633 2166 652 2170 654 2172 654 2173 654 2175 654 2178 654 2209 640 2233 650 2235 650 2393 657 2397 630 2397 569 2192 567 2190 567 2189 567 2185 567 2153 579 2124 569 2122 569 2120 569 2119 569 2045 587 2025 577 2023 577 2022 577 1960 582 1860 565 1836 562 1706 562 1704 562 1686 563 1577 579 1502 562 1474 557 1473 557 1447 562 1372 579 1190 577 1135 560 1109 552 1108 552 1106 552 1104 552 1087 558 1051 575 990 575 963 562 961 562 959 562 958 562 915 572 765 562 763 562 678 569 637 555 605 545 603 545 601 545 494 553 494 599"/></Shape>
	    <String CONTENT="D&#x27;années et plue, Bitier parsi de tous Les bais petis. le Gros De"
                    HPOS="492"
                    VPOS="545"
                    WIDTH="1905"
                    HEIGHT="112"
                    WC="0.9586665382752052"></String>
          </TextLine>
          <TextLine ID="eSc_line_46750853"
                    TAGREFS="LT322"
                    BASELINE="506 667 854 691 1396 712 2421 722" 
                    HPOS="504"
                    VPOS="628"
                    WIDTH="1917"
                    HEIGHT="121">
            <Shape><Polygon POINTS="506 667 504 700 571 700 574 700 601 717 603 717 605 717 606 717 673 703 690 703 806 703 808 705 852 719 854 719 855 719 857 719 886 707 888 707 920 715 922 715 924 715 992 708 999 708 1007 708 1125 727 1126 727 1248 717 1365 730 1367 730 1415 722 1508 736 1836 742 1837 742 1839 742 1889 729 2126 748 2127 748 2187 736 2226 746 2228 746 2230 746 2311 736 2364 749 2366 749 2368 749 2369 749 2419 736 2421 722 2421 698 2373 676 2371 676 2369 676 2289 693 2279 695 2257 691 2195 683 2194 683 2146 688 2112 691 2102 686 2047 659 2045 659 1918 655 1916 655 1824 676 1814 679 1757 681 1733 673 1728 671 1727 671 1725 671 1723 671 1718 673 1675 683 1517 681 1503 671 1502 671 1500 671 1498 671 1399 676 1360 659 1352 655 1350 655 1348 655 1326 657 1285 662 1259 655 1232 647 1230 647 1229 647 1183 652 1091 664 985 645 982 645 980 645 978 645 917 667 854 667 813 666 748 638 746 638 745 638 743 638 695 650 652 633 646 630 644 630 506 628 506 667"/></Shape>
	    <String CONTENT="Lindigoterie, noaat Et du Trouprace on ne peert par encore fiver Le prodent det"
                    HPOS="504"
                    VPOS="628"
                    WIDTH="1917"
                    HEIGHT="121"
                    WC="0.9468642352502558"></String>
          </TextLine>
          <TextLine ID="eSc_line_4f0799bc"
                    TAGREFS="LT322"
                    BASELINE="485 754 1241 778 2451 792" 
                    HPOS="484"
                    VPOS="713"
                    WIDTH="1967"
                    HEIGHT="106">
            <Shape><Polygon POINTS="485 754 484 773 717 785 719 785 721 785 738 778 741 778 745 778 791 792 792 792 794 792 796 792 816 782 917 783 1045 799 1046 799 1149 787 1154 787 1155 787 1191 800 1193 800 1195 800 1196 800 1224 794 1346 804 1348 804 1522 794 1539 794 1597 795 1619 795 1646 809 1648 809 1650 809 1860 800 1911 799 1940 802 2051 816 2052 816 2160 805 2190 804 2235 807 2363 819 2364 819 2366 819 2395 811 2407 807 2448 811 2451 792 2451 749 2402 744 2400 744 2381 748 2315 761 2207 744 2177 741 2175 741 2173 741 2165 744 2134 758 2052 758 1967 758 1950 746 1948 746 1947 746 1945 746 1890 754 1848 739 1832 734 1831 734 1829 734 1827 734 1810 739 1773 751 1735 737 1718 732 1716 732 1715 732 1684 737 1616 749 1525 739 1524 739 1522 739 1508 746 1469 734 1445 727 1444 727 1442 727 1382 732 1270 744 1210 730 1195 727 1193 727 1191 727 1181 730 1144 742 1046 742 966 727 929 720 927 720 925 720 913 725 888 739 843 739 745 737 683 722 641 713 639 713 485 719 485 754"/></Shape>
	    <String CONTENT="Lindigotare, mai onpeur Croire t Pariendre qu&#x27;en Aercant Jur les obje e"
                    HPOS="484"
                    VPOS="713"
                    WIDTH="1967"
                    HEIGHT="106"
                    WC="0.9751998664627612"></String>
          </TextLine>
          <TextLine ID="eSc_line_05b025d8"
                    TAGREFS="LT322"
                    BASELINE="484 838 2298 858" 
                    HPOS="482"
                    VPOS="782"
                    WIDTH="1816"
                    HEIGHT="114">
            <Shape><Polygon POINTS="484 838 482 855 548 879 550 879 635 880 637 882 774 882 774 880 775 880 832 860 1007 860 1007 862 1057 882 1058 882 1060 882 1135 874 1173 886 1174 886 1176 886 1365 865 1375 865 1539 865 1542 867 1566 880 1568 880 1570 880 1600 877 1662 891 1664 891 1665 891 1733 874 1781 874 1808 889 1810 889 1856 891 1858 891 1860 891 1914 872 1916 872 1918 872 2052 896 2054 896 2197 882 2243 889 2245 889 2247 889 2296 875 2298 858 2296 828 2184 828 2177 824 2156 812 2155 812 2153 812 2151 812 2129 821 2090 807 2088 807 2086 807 2020 819 1994 824 1960 819 1843 797 1841 797 1771 809 1693 795 1691 795 1544 804 1542 804 1531 807 1507 816 1483 805 1452 794 1450 794 1449 794 1447 794 1425 805 1399 817 1253 817 1219 816 1188 799 1171 790 1169 790 1167 790 1166 790 1140 797 1135 799 1132 797 1116 790 1115 790 1113 790 1111 790 1092 797 1089 797 1060 795 936 787 866 787 864 787 862 787 852 790 796 811 637 811 484 782 484 838"/></Shape>
	    <String CONTENT="Paine peu De Boi, elle pourra Donner Sente les 200 mille Livrel"
                    HPOS="482"
                    VPOS="782"
                    WIDTH="1816"
                    HEIGHT="114"
                    WC="0.9638817769194407"></String>
          </TextLine>
          <TextLine ID="eSc_line_5b5b172d"
                    TAGREFS="LT322"
                    BASELINE="1043 923 1827 935" 
                    HPOS="1041"
                    VPOS="868"
                    WIDTH="786"
                    HEIGHT="86">
            <Shape><Polygon POINTS="1043 923 1041 943 1154 938 1343 940 1362 949 1377 954 1379 954 1381 954 1826 950 1827 935 1827 901 1718 901 1711 897 1674 877 1672 877 1635 877 1633 877 1631 877 1629 877 1611 894 1577 875 1575 875 1573 875 1444 891 1403 894 1324 892 1314 887 1285 874 1283 874 1282 874 1280 874 1254 886 1241 891 1200 891 1186 884 1155 868 1154 868 1152 868 1043 879 1043 923"/></Shape>
	    <String CONTENT="Juite de mon Cestament."
                    HPOS="1041"
                    VPOS="868"
                    WIDTH="786"
                    HEIGHT="86"
                    WC="0.9977280342060587"></String>
          </TextLine>
          <TextLine ID="eSc_line_d42032fe"
                    TAGREFS="LT322"
                    BASELINE="453 1092 1766 1119 2451 1122" 
                    HPOS="451"
                    VPOS="1042"
                    WIDTH="2000"
                    HEIGHT="113">
            <Shape><Polygon POINTS="451 1104 504 1122 506 1122 508 1122 509 1122 574 1105 576 1105 584 1105 750 1119 751 1119 753 1119 772 1110 825 1110 878 1110 878 1112 905 1124 907 1124 908 1124 1019 1114 1036 1114 1101 1116 1166 1119 1201 1138 1203 1138 1205 1138 1207 1138 1253 1121 1285 1133 1287 1133 1288 1133 1423 1124 1467 1121 1503 1126 1583 1136 1585 1136 1635 1129 1669 1146 1670 1146 1672 1146 1754 1138 1814 1148 1815 1148 1817 1148 1849 1133 1902 1148 1904 1148 1906 1148 1953 1141 2061 1153 2224 1155 2226 1155 2308 1143 2339 1138 2352 1143 2363 1148 2364 1148 2366 1148 2368 1148 2381 1145 2403 1138 2448 1145 2451 1122 2448 1090 2289 1092 2277 1085 2242 1066 2240 1066 1957 1061 1955 1061 1878 1076 1829 1085 1716 1085 1691 1071 1665 1059 1664 1059 1662 1059 1577 1063 1560 1054 1558 1054 1556 1054 1554 1054 1513 1066 1498 1071 1317 1063 1311 1063 1309 1063 1239 1076 1178 1076 1149 1063 1147 1063 1145 1063 1097 1073 1021 1056 999 1051 997 1051 995 1051 983 1054 932 1070 794 1070 709 1051 707 1051 588 1064 540 1046 538 1046 537 1046 482 1051 455 1042 453 1092 451 1104"/></Shape>
	    <String CONTENT="Denriette venant de La chez Jen C^e Cavoleau mon ami De son vevans "
                    HPOS="451"
                    VPOS="1042"
                    WIDTH="2000"
                    HEIGHT="113"
                    WC="0.9826497141994647"></String>
          </TextLine>
          <TextLine ID="eSc_line_1da16fd7"
                    TAGREFS="LT322"
                    BASELINE="612 1027 1367 1044 2424 1049" 
                    HPOS="612"
                    VPOS="969"
                    WIDTH="1812"
                    HEIGHT="107">
            <Shape><Polygon POINTS="2419 1012 2409 1005 2366 986 2364 986 2363 986 2361 986 2294 1010 2276 1017 2257 1010 2253 1008 2252 1008 2250 1008 2236 1008 2177 1015 2156 1006 2143 1001 2141 1001 2139 1001 2138 1001 2124 1006 2110 1012 2098 1006 2057 986 2056 986 2054 986 2052 986 2027 996 2001 989 1999 989 1998 989 1895 1001 1808 1012 1762 998 1749 995 1747 995 1745 995 1672 996 1658 996 1657 996 1633 981 1631 981 1629 981 1628 981 1626 981 1594 995 1561 1008 1525 995 1524 995 1522 995 1491 998 1481 993 1456 976 1454 976 1452 976 1394 976 1392 976 1391 976 1352 989 1307 1006 1176 1006 1159 995 1157 995 1155 995 1154 995 1011 1003 961 981 937 971 936 971 934 971 862 979 838 981 826 978 797 969 796 969 794 969 612 972 612 1027 612 1046 734 1046 743 1046 852 1064 1017 1066 1019 1066 1021 1066 1062 1049 1065 1049 1162 1049 1164 1051 1184 1064 1186 1064 1188 1064 1190 1064 1191 1064 1210 1056 1234 1068 1236 1068 1237 1068 1305 1053 1314 1051 1321 1053 1363 1070 1365 1070 1367 1070 1445 1054 1454 1053 1461 1054 1512 1071 1513 1071 1515 1071 1553 1064 1768 1073 1769 1073 1771 1073 1793 1063 1853 1071 1854 1071 1926 1059 1940 1058 2204 1059 2209 1063 2226 1071 2228 1071 2230 1071 2288 1066 2323 1076 2325 1076 2327 1076 2328 1076 2359 1064 2363 1063 2366 1064 2398 1075 2400 1075 2402 1075 2403 1075 2422 1064 2424 1049 2424 1013 2419 1012"/></Shape>
	    <String CONTENT="Donne &amp; Legue à la perite fille Cipheline qui est Chet mor nomméen"
                    HPOS="612"
                    VPOS="969"
                    WIDTH="1812"
                    HEIGHT="107"
                    WC="0.9761948170083942"></String>
          </TextLine>
          <TextLine ID="eSc_line_6b218ba8"
                    TAGREFS="LT322"
                    BASELINE="473 1165 1522 1191 2456 1201" 
                    HPOS="472"
                    VPOS="1114"
                    WIDTH="1984"
                    HEIGHT="114">
            <Shape><Polygon POINTS="473 1165 472 1182 555 1189 557 1189 559 1189 569 1184 577 1180 588 1185 613 1197 615 1197 617 1197 673 1185 693 1182 717 1187 770 1199 772 1199 774 1199 808 1189 818 1185 849 1189 929 1199 930 1199 993 1191 1017 1189 1033 1192 1091 1206 1092 1206 1157 1194 1161 1194 1164 1194 1220 1208 1222 1208 1224 1208 1249 1196 1254 1194 1435 1197 1435 1199 1473 1213 1474 1213 1476 1213 1570 1208 1715 1218 1716 1218 1798 1206 1832 1214 1834 1214 1836 1214 1877 1206 1885 1204 1890 1206 1916 1216 1918 1216 1919 1216 1970 1208 1981 1206 1986 1208 2018 1221 2020 1221 2022 1221 2175 1213 2206 1226 2207 1226 2209 1226 2211 1226 2242 1216 2269 1228 2270 1228 2272 1228 2455 1214 2456 1201 2453 1146 2272 1167 2177 1153 2175 1153 2173 1153 2136 1163 2015 1151 2013 1151 1916 1160 1868 1141 1861 1139 1860 1139 1778 1139 1776 1139 1766 1141 1710 1155 1626 1141 1606 1138 1604 1138 1602 1138 1597 1141 1570 1153 1481 1153 1456 1139 1432 1127 1430 1127 1428 1127 1427 1127 1392 1139 1358 1150 1258 1150 1220 1138 1164 1122 1162 1122 905 1119 903 1119 901 1119 864 1136 855 1141 804 1141 777 1136 656 1114 654 1114 473 1133 473 1165"/></Shape>
	    <String CONTENT="vne Somme De Boure mille Livrcs, qui lui Sera payéé Bosquillus"
                    HPOS="472"
                    VPOS="1114"
                    WIDTH="1984"
                    HEIGHT="114"
                    WC="0.9925329550620048"></String>
          </TextLine>
          <TextLine ID="eSc_line_0d9cb649"
                    TAGREFS="LT322"
                    BASELINE="444 1235 2444 1264" 
                    HPOS="443"
                    VPOS="1187"
                    WIDTH="2001"
                    HEIGHT="104">
            <Shape><Polygon POINTS="444 1235 443 1254 586 1265 588 1265 649 1257 678 1254 714 1259 797 1269 799 1269 944 1260 963 1260 971 1260 1034 1272 1036 1272 1123 1264 1138 1262 1145 1264 1184 1274 1186 1274 1188 1274 1338 1265 1384 1264 1438 1267 1629 1281 1631 1281 1681 1271 1689 1269 1703 1271 1750 1277 1752 1277 1803 1272 1819 1271 1826 1272 1863 1284 1865 1284 1974 1286 1976 1286 2042 1274 2051 1274 2054 1276 2076 1286 2078 1286 2080 1286 2081 1286 2103 1279 2209 1289 2211 1289 2281 1277 2286 1277 2293 1277 2357 1291 2359 1291 2443 1279 2444 1264 2443 1219 2317 1211 2315 1211 2313 1211 2293 1218 2245 1231 2146 1216 2090 1208 2088 1208 2086 1208 2064 1214 2040 1223 2018 1214 2005 1209 2003 1209 1814 1204 1812 1204 1810 1204 1781 1213 1739 1225 1549 1223 1508 1209 1498 1208 1496 1208 1495 1208 1493 1208 1485 1209 1447 1219 1425 1209 1406 1201 1404 1201 1403 1201 1401 1201 1379 1209 1352 1218 1283 1208 1220 1199 1219 1199 1217 1199 1190 1208 1159 1216 1091 1216 1057 1206 1005 1192 1004 1192 1002 1192 1000 1192 953 1204 939 1208 912 1204 794 1189 792 1189 791 1189 736 1202 709 1209 564 1209 548 1201 520 1187 518 1187 516 1187 444 1199 444 1235"/></Shape>
	    <String CONTENT="Mariera Rfelle det boujoras Vourrie e Vétur à mes Depers Jusque Son"
                    HPOS="443"
                    VPOS="1187"
                    WIDTH="2001"
                    HEIGHT="104"
                    WC="0.9686507885135821"></String>
          </TextLine>
          <TextLine ID="eSc_line_a3638217"
                    TAGREFS="LT322"
                    BASELINE="458 1308 2467 1342" 
                    HPOS="456"
                    VPOS="1262"
                    WIDTH="2011"
                    HEIGHT="111">
            <Shape><Polygon POINTS="458 1308 456 1327 559 1347 936 1352 937 1352 939 1352 985 1339 1000 1334 1016 1339 1058 1356 1060 1356 1062 1356 1063 1356 1115 1340 1137 1335 1277 1344 1305 1346 1307 1346 1326 1346 1433 1340 1454 1347 1466 1352 1467 1352 1469 1352 1546 1349 1660 1346 1675 1352 1694 1361 1696 1361 1698 1361 1699 1361 1722 1354 1740 1347 1761 1354 1791 1366 1793 1366 1795 1366 1880 1357 1953 1349 2040 1349 2071 1361 2109 1373 2110 1373 2112 1373 2177 1363 2221 1356 2267 1364 2294 1369 2296 1369 2317 1366 2347 1359 2463 1368 2467 1342 2465 1296 2364 1288 2363 1288 2361 1288 2346 1294 2301 1313 2240 1293 2216 1286 2214 1286 2166 1284 2165 1284 2163 1284 2143 1293 2100 1311 2069 1311 2005 1310 1967 1293 1965 1293 1964 1293 1868 1306 1807 1289 1766 1277 1764 1277 1664 1276 1662 1276 1660 1276 1631 1288 1599 1303 1566 1303 1442 1300 1372 1286 1345 1281 1343 1281 1341 1281 1331 1284 1302 1296 1248 1288 1246 1288 1164 1294 1121 1283 1062 1265 1060 1265 1058 1265 1057 1265 1017 1276 995 1265 993 1265 879 1264 878 1264 876 1264 847 1274 811 1262 809 1262 808 1262 806 1262 756 1279 736 1286 598 1286 572 1277 528 1265 526 1265 525 1265 458 1276 458 1308"/></Shape>
	    <String CONTENT="Mariage. &amp; logée Chez moi où un ame, ou Chet que elle le Croira plust"
                    HPOS="456"
                    VPOS="1262"
                    WIDTH="2011"
                    HEIGHT="111"
                    WC="0.9794186198193094"></String>
          </TextLine>
          <TextLine ID="eSc_line_7c0ba87f"
                    TAGREFS="LT322"
                    BASELINE="477 1386 1594 1400 1861 1410 2470 1412" 
                    HPOS="475"
                    VPOS="1342"
                    WIDTH="1995"
                    HEIGHT="99">
            <Shape><Polygon POINTS="477 1386 475 1400 625 1412 627 1412 678 1405 717 1422 719 1422 804 1424 806 1426 889 1426 889 1424 891 1424 953 1409 1041 1426 1043 1426 1225 1412 1254 1410 1287 1412 1456 1429 1457 1429 1546 1417 1556 1415 1568 1417 1629 1427 1631 1427 1744 1419 1759 1419 1769 1421 1865 1436 1866 1436 1943 1424 2032 1438 2034 1438 2131 1426 2185 1439 2187 1439 2189 1441 2262 1441 2262 1439 2264 1439 2294 1427 2299 1426 2311 1427 2374 1439 2376 1439 2468 1429 2470 1412 2468 1366 2373 1371 2349 1364 2342 1363 2340 1363 2339 1363 2337 1363 2330 1364 2289 1378 2248 1364 2235 1359 2233 1359 2231 1359 2201 1363 2178 1366 2155 1363 2114 1357 2112 1357 2085 1363 2018 1376 1735 1375 1710 1359 1696 1352 1694 1352 1554 1351 1553 1351 1507 1359 1473 1364 1427 1357 1362 1349 1116 1347 1115 1347 1113 1347 1079 1356 1043 1366 959 1366 809 1361 774 1354 707 1342 705 1342 659 1352 630 1359 477 1352 477 1386"/></Shape>
	    <String CONTENT="Agréable, Moyennant qu&#x27;ille se Conduise Sagement, quoiqnelle Eteit Eeclave"
                    HPOS="475"
                    VPOS="1342"
                    WIDTH="1995"
                    HEIGHT="99"
                    WC="0.9621063277528092"></String>
          </TextLine>
          <TextLine ID="eSc_line_633085e4"
                    TAGREFS="LT322"
                    BASELINE="467 1465 1626 1478 2463 1501" 
                    HPOS="465"
                    VPOS="1409"
                    WIDTH="1998"
                    HEIGHT="114">
            <Shape><Polygon POINTS="467 1465 465 1475 554 1492 746 1496 748 1496 750 1496 775 1484 775 1482 837 1482 862 1485 947 1499 949 1499 1004 1489 1016 1487 1043 1490 1150 1502 1152 1502 1205 1494 1236 1489 1328 1489 1350 1497 1372 1504 1374 1504 1375 1504 1377 1504 1396 1499 1416 1492 1432 1499 1435 1501 1437 1501 1438 1501 1454 1499 1507 1494 1527 1501 1548 1509 1549 1509 1551 1509 1583 1502 1619 1496 1762 1507 1837 1513 1839 1513 1872 1509 1911 1506 1947 1511 1967 1514 1969 1514 1986 1513 2052 1502 2184 1513 2185 1513 2187 1513 2206 1506 2248 1519 2259 1521 2260 1521 2460 1523 2463 1501 2463 1467 2393 1465 2393 1463 2342 1439 2340 1439 2339 1439 2337 1439 2276 1460 2158 1434 2064 1434 2062 1434 1964 1453 1957 1453 1952 1451 1890 1431 1889 1431 1887 1431 1885 1431 1843 1450 1832 1455 1754 1455 1737 1446 1699 1429 1698 1429 1648 1426 1646 1426 1563 1438 1352 1422 1350 1422 1348 1422 1312 1434 1297 1439 1280 1434 1261 1427 1259 1427 1258 1427 1256 1427 1242 1432 1213 1444 1145 1444 949 1441 915 1424 908 1421 907 1421 905 1421 879 1422 743 1436 716 1426 714 1426 712 1426 637 1431 583 1414 562 1409 560 1409 559 1409 467 1410 467 1465"/></Shape>
	    <String CONTENT="de la gaede a Je desire quelle Soit Clivér Commé Libres Dantant quille ne"
                    HPOS="465"
                    VPOS="1409"
                    WIDTH="1998"
                    HEIGHT="114"
                    WC="0.9845926402366325"></String>
          </TextLine>
          <TextLine ID="eSc_line_3dde35a5"
                    TAGREFS="LT322"
                    BASELINE="472 1543 1403 1553 1681 1567 2467 1586" 
                    HPOS="470"
                    VPOS="1496"
                    WIDTH="1997"
                    HEIGHT="110">
            <Shape><Polygon POINTS="472 1543 470 1557 797 1562 816 1565 917 1581 918 1581 978 1569 983 1569 988 1570 1011 1577 1012 1577 1014 1577 1082 1572 1125 1569 1326 1570 1360 1579 1428 1591 1430 1591 1503 1581 1539 1577 1565 1582 1609 1594 1611 1594 1612 1594 1720 1593 1722 1593 1733 1588 1747 1581 1766 1588 1786 1594 1788 1594 1790 1594 1791 1594 1812 1589 1824 1586 1844 1589 1897 1599 1899 1599 1901 1599 1930 1591 1948 1586 1965 1593 1989 1601 1991 1601 1993 1601 2056 1594 2090 1591 2170 1598 2291 1606 2293 1606 2465 1603 2467 1586 2465 1530 2272 1523 2270 1523 2269 1523 2257 1526 2214 1542 2115 1526 2073 1519 2071 1519 2069 1519 2051 1524 2001 1540 1935 1524 1897 1516 1895 1516 1822 1523 1708 1535 1575 1521 1566 1521 1565 1521 1563 1521 1561 1521 1520 1531 1495 1521 1483 1516 1481 1516 1479 1516 1478 1516 1466 1519 1442 1530 1406 1521 1404 1521 1403 1521 1340 1528 1273 1523 1265 1518 1232 1504 1230 1504 1229 1504 1171 1518 1140 1524 1065 1524 1050 1516 1011 1501 1009 1501 1007 1501 920 1509 758 1496 756 1496 755 1496 705 1514 697 1516 472 1513 472 1543"/></Shape>
	    <String CONTENT="ma rien Conté a quille en Dans mes Maniss que Je Cinsidire Comme an Depor"
                    HPOS="470"
                    VPOS="1496"
                    WIDTH="1997"
                    HEIGHT="110"
                    WC="0.9585510586222558"></String>
          </TextLine>
          <TextLine ID="eSc_line_2c3f66f6"
                    TAGREFS="LT322"
                    BASELINE="463 1618 2429 1661" 
                    HPOS="463"
                    VPOS="1562"
                    WIDTH="1966"
                    HEIGHT="129">
            <Shape><Polygon POINTS="463 1618 465 1654 540 1632 656 1635 748 1657 777 1662 779 1664 847 1664 847 1662 849 1662 859 1657 898 1640 932 1654 934 1654 936 1654 1046 1644 1094 1657 1096 1657 1097 1657 1161 1645 1404 1649 1459 1662 1486 1669 1488 1669 1531 1664 1532 1664 1563 1680 1565 1680 1723 1683 1725 1683 1800 1666 1827 1661 1854 1666 1955 1688 2129 1691 2131 1691 2132 1691 2190 1676 2248 1690 2250 1690 2252 1690 2293 1676 2383 1685 2385 1685 2386 1685 2427 1671 2429 1661 2429 1616 2308 1599 2306 1599 2305 1599 2260 1611 2207 1625 2052 1623 2015 1605 1987 1593 1986 1593 1924 1591 1923 1591 1921 1591 1897 1601 1866 1616 1720 1616 1675 1615 1631 1594 1612 1588 1611 1588 1609 1588 1607 1588 1590 1594 1565 1603 1525 1593 1485 1581 1483 1581 1444 1581 1442 1581 1440 1581 1416 1589 1369 1606 1268 1606 1215 1591 1213 1591 1212 1591 1092 1601 1043 1579 1026 1572 1024 1572 854 1567 852 1567 813 1574 712 1593 641 1569 618 1562 617 1562 615 1562 463 1564 463 1618"/></Shape>
	    <String CONTENT="facré, ainsi Je Désise la Marir Lonquelle Jeaa a Lage de pubeité La"
                    HPOS="463"
                    VPOS="1562"
                    WIDTH="1966"
                    HEIGHT="129"
                    WC="0.9803106829301634"></String>
          </TextLine>
          <TextLine ID="eSc_line_3d3942ea"
                    TAGREFS="LT322"
                    BASELINE="470 1691 985 1700 1964 1737 2472 1741" 
                    HPOS="468"
                    VPOS="1642"
                    WIDTH="2004"
                    HEIGHT="131">
            <Shape><Polygon POINTS="470 1691 468 1709 641 1709 681 1715 760 1727 762 1727 763 1727 782 1719 842 1726 843 1726 845 1726 857 1720 869 1715 936 1715 1173 1722 1227 1732 1292 1743 1294 1743 1295 1743 1324 1736 1350 1729 1370 1737 1381 1741 1382 1741 1384 1741 1430 1739 1493 1736 1507 1741 1527 1749 1529 1749 1720 1753 1722 1753 1723 1753 1737 1749 1757 1743 1774 1749 1788 1756 1790 1756 1791 1756 1793 1756 1805 1751 1819 1744 1853 1753 1883 1760 1885 1760 1948 1756 2040 1749 2105 1761 2141 1766 2143 1766 2197 1763 2291 1758 2332 1768 2352 1773 2354 1773 2356 1773 2470 1772 2472 1741 2472 1715 2352 1688 2351 1688 2284 1702 2250 1691 2248 1691 2247 1691 2127 1697 2068 1683 2066 1683 2064 1683 2010 1700 1877 1685 1875 1685 1824 1695 1776 1676 1774 1676 1773 1676 1771 1676 1732 1691 1710 1691 1646 1691 1645 1690 1585 1669 1583 1669 1582 1669 1580 1669 1549 1683 1481 1673 1479 1673 1375 1681 1374 1681 1326 1666 1324 1666 1323 1666 1321 1666 1299 1676 1265 1661 1263 1661 1171 1654 1063 1652 1062 1652 1060 1652 1009 1668 949 1649 947 1649 876 1645 874 1645 872 1645 814 1664 770 1664 731 1642 729 1642 728 1642 726 1642 661 1661 658 1661 470 1656 470 1691"/></Shape>
	    <String CONTENT="maricr a an homme libre Louquils de Conirendiont l&#x27;un a Lantre E si elles Divinant"
                    HPOS="468"
                    VPOS="1642"
                    WIDTH="2004"
                    HEIGHT="131"
                    WC="0.9559033164163915"></String>
          </TextLine>
          <TextLine ID="eSc_line_21f24cf5"
                    TAGREFS="LT322"
                    BASELINE="468 1765 2470 1824" 
                    HPOS="467"
                    VPOS="1715"
                    WIDTH="2003"
                    HEIGHT="130">
            <Shape><Polygon POINTS="467 1775 525 1790 526 1790 646 1785 756 1797 758 1797 804 1787 809 1787 813 1789 838 1799 840 1799 842 1799 939 1792 953 1792 966 1794 1050 1806 1051 1806 1053 1806 1086 1797 1096 1795 1150 1799 1283 1811 1285 1811 1340 1806 1370 1804 1379 1807 1396 1816 1398 1816 1399 1816 1491 1811 1551 1809 1600 1816 1667 1824 1669 1824 1785 1821 1895 1819 1941 1828 1976 1833 1977 1833 2051 1831 2166 1828 2216 1836 2242 1841 2467 1845 2470 1824 2467 1778 2346 1789 2298 1773 2245 1758 2243 1758 2011 1751 2010 1751 1923 1766 1865 1777 1791 1763 1774 1761 1773 1761 1759 1763 1706 1772 1558 1770 1537 1758 1490 1736 1488 1736 1486 1736 1485 1736 1430 1756 1409 1763 1331 1763 1304 1755 1213 1727 1212 1727 1154 1726 1152 1726 1150 1726 1060 1749 1043 1753 1022 1748 918 1719 917 1719 811 1715 809 1715 808 1715 717 1741 470 1737 468 1765 467 1775"/></Shape>
	    <String CONTENT="enfonme et quelle ne puisse se arier en lui fera une rite De 60ᵃ Soixante live"
                    HPOS="467"
                    VPOS="1715"
                    WIDTH="2003"
                    HEIGHT="130"
                    WC="0.9672166132009946"></String>
          </TextLine>
          <TextLine ID="eSc_line_fe0affb0"
                    TAGREFS="LT322"
                    BASELINE="446 1840 1174 1850 1582 1872 2419 1899" 
                    HPOS="444"
                    VPOS="1787"
                    WIDTH="1975"
                    HEIGHT="136">
            <Shape><Polygon POINTS="446 1840 444 1870 564 1870 564 1869 615 1857 670 1874 671 1874 673 1874 675 1874 731 1860 867 1875 869 1875 932 1865 1034 1867 1062 1879 1063 1879 1065 1879 1137 1870 1230 1886 1270 1893 1271 1893 1273 1893 1288 1887 1328 1875 1445 1877 1486 1893 1510 1899 1512 1899 1599 1901 1600 1901 1602 1901 1623 1894 1645 1887 1670 1896 1696 1904 1698 1904 1699 1904 1701 1904 1722 1898 1749 1887 1841 1899 1933 1911 1935 1911 1987 1903 2001 1901 2030 1903 2178 1918 2180 1918 2182 1918 2209 1908 2221 1903 2245 1908 2308 1921 2385 1923 2386 1923 2388 1923 2417 1911 2419 1899 2419 1848 2291 1829 2289 1829 2288 1829 2257 1843 2242 1850 2202 1841 2110 1823 2109 1823 2107 1823 2057 1838 2035 1845 1941 1845 1918 1835 1868 1816 1866 1816 1824 1816 1822 1816 1820 1816 1783 1831 1766 1838 1701 1829 1684 1828 1682 1828 1658 1828 1570 1833 1544 1826 1479 1806 1478 1806 1323 1801 1321 1801 1319 1801 1265 1819 1258 1821 1251 1818 1203 1797 1201 1797 1200 1797 1198 1797 1176 1804 1080 1794 1079 1794 1077 1794 1029 1807 958 1790 956 1790 830 1807 801 1811 562 1804 557 1801 523 1787 521 1787 520 1787 518 1787 491 1799 485 1801 446 1799 446 1840"/></Shape>
	    <String CONTENT="par mat, Javie Duvante Dil ne Sus Punt quittion De payer la D^e Somme"
                    HPOS="444"
                    VPOS="1787"
                    WIDTH="1975"
                    HEIGHT="136"
                    WC="0.9777634135190991"></String>
          </TextLine>
          <TextLine ID="eSc_line_6a5f2eda"
                    TAGREFS="LT322"
                    BASELINE="470 1928 1911 1966 2448 1995" 
                    HPOS="468"
                    VPOS="1865"
                    WIDTH="1980"
                    HEIGHT="154">
            <Shape><Polygon POINTS="468 1957 705 1944 746 1967 748 1967 750 1967 751 1967 758 1967 852 1950 1115 1954 1145 1964 1147 1964 1149 1966 1440 1966 1542 1986 1570 1991 1571 1991 1573 1991 1583 1988 1604 1979 1803 1979 1841 1995 1868 2005 1870 2005 2177 2013 2178 2013 2180 2013 2213 2003 2214 2003 2218 2003 2288 2017 2289 2017 2291 2017 2330 2007 2337 2005 2344 2007 2392 2019 2393 2019 2395 2019 2446 2008 2448 1995 2448 1952 2352 1935 2351 1935 2299 1945 2286 1947 2277 1944 2260 1937 2259 1937 2257 1937 2184 1940 2127 1942 2114 1937 2044 1908 2042 1908 2040 1908 1911 1928 1894 1930 1882 1927 1814 1901 1812 1901 1810 1901 1808 1901 1759 1918 1698 1898 1696 1898 1524 1894 1522 1894 1520 1894 1485 1910 1473 1913 1456 1908 1449 1906 1447 1906 1445 1906 1444 1906 1440 1908 1415 1915 1396 1904 1370 1893 1369 1893 1174 1882 1128 1882 1126 1882 1125 1882 1103 1893 1079 1903 992 1899 990 1899 988 1899 963 1908 596 1889 595 1889 593 1889 576 1896 526 1870 525 1870 472 1865 470 1928 468 1957"/></Shape>
	    <String CONTENT="de 100d^t qui Aune pr favir Cère Vecepaire à elle Ca ses Enfan, après mo"
                    HPOS="468"
                    VPOS="1865"
                    WIDTH="1980"
                    HEIGHT="154"
                    WC="0.9633106485837035"></String>
          </TextLine>
          <TextLine ID="eSc_line_8bdea9fd"
                    TAGREFS="LT322"
                    BASELINE="451 2007 1034 2017 1999 2063 2467 2075" 
                    HPOS="450"
                    VPOS="1952"
                    WIDTH="2017"
                    HEIGHT="164">
            <Shape><Polygon POINTS="451 2007 450 2024 612 2048 613 2048 762 2041 782 2053 784 2053 785 2053 867 2056 869 2056 871 2056 900 2042 918 2034 963 2032 1210 2041 1242 2056 1253 2061 1254 2061 1256 2061 1273 2058 1295 2053 1323 2060 1329 2061 1331 2061 1333 2061 1334 2061 1338 2061 1363 2049 1466 2065 1467 2065 1600 2056 1679 2070 1681 2070 1682 2070 1711 2063 1737 2077 1750 2083 1752 2083 1754 2083 1803 2080 1870 2073 1889 2083 1907 2092 1909 2092 1974 2094 1976 2094 1977 2094 1991 2087 2003 2082 2059 2090 2102 2095 2103 2095 2105 2095 2115 2092 2144 2082 2211 2087 2228 2097 2252 2109 2253 2109 2434 2116 2436 2116 2438 2116 2465 2106 2467 2075 2467 2010 2422 2008 2421 2008 2419 2008 2393 2020 2364 2008 2363 2008 2361 2008 2359 2008 2317 2020 2257 2008 2255 2008 2253 2008 2197 2025 2141 2010 2139 2010 2138 2010 2136 2010 2085 2024 2059 2008 2057 2008 2056 2008 2054 2008 2052 2008 2016 2022 1967 2012 1701 2012 1609 1988 1561 1976 1440 1973 1438 1973 1437 1973 1409 1983 1394 1988 1334 1985 1333 1985 1331 1985 1309 1993 1273 1979 1236 1964 1234 1964 1196 1962 1086 1959 1084 1959 1082 1959 1040 1973 1014 1981 985 1971 929 1952 927 1952 925 1952 801 1957 799 1957 763 1966 738 1973 709 1964 676 1956 675 1956 673 1956 671 1956 652 1962 635 1969 451 1959 451 2007"/></Shape>
	    <String CONTENT="Mat se Etle Suit a Demenne aec la D^e marquerite Crcule libre &amp; Sa fille"
                    HPOS="450"
                    VPOS="1952"
                    WIDTH="2017"
                    HEIGHT="164"
                    WC="0.9594456280271212"></String>
          </TextLine>
          <TextLine ID="eSc_line_70612c1d"
                    TAGREFS="LT322"
                    BASELINE="446 2097 1171 2112 1839 2143 2231 2170 2472 2174" 
                    HPOS="444"
                    VPOS="2051"
                    WIDTH="2028"
                    HEIGHT="140">
            <Shape><Polygon POINTS="444 2109 458 2117 460 2117 462 2117 463 2117 576 2112 598 2112 618 2114 690 2124 692 2124 693 2124 714 2119 731 2114 753 2121 774 2126 775 2126 777 2126 779 2126 794 2123 811 2117 925 2119 983 2129 1046 2140 1048 2140 1050 2140 1074 2133 1099 2128 1169 2138 1190 2140 1191 2140 1212 2140 1299 2134 1317 2143 1324 2146 1326 2146 1328 2146 1329 2146 1338 2145 1360 2138 1389 2146 1401 2150 1403 2150 1404 2150 1406 2150 1413 2148 1440 2140 1512 2152 1553 2158 1554 2158 1594 2155 1672 2148 1723 2160 1742 2165 1744 2165 1745 2165 1781 2163 1843 2158 1861 2167 1870 2170 1872 2170 2131 2179 2132 2179 2139 2177 2172 2170 2199 2180 2204 2182 2206 2182 2467 2191 2472 2174 2472 2124 2315 2128 2296 2117 2267 2102 2265 2102 2177 2099 2175 2099 2173 2099 2141 2112 2124 2121 2054 2121 2020 2109 1955 2090 1953 2090 1901 2090 1899 2090 1897 2090 1866 2104 1863 2106 1861 2104 1844 2097 1843 2097 1841 2097 1783 2102 1723 2107 1701 2099 1658 2083 1657 2083 1580 2077 1578 2077 1577 2077 1510 2094 1490 2099 1467 2092 1396 2070 1394 2070 1392 2070 1265 2075 1205 2063 1203 2063 1201 2063 1133 2082 1118 2085 1080 2080 878 2051 876 2051 874 2051 799 2071 791 2073 448 2061 446 2097 444 2109"/></Shape>
	    <String CONTENT="da Marainie en li payera bous les mai les Soixante lares pour Sa peusiont"
                    HPOS="444"
                    VPOS="2051"
                    WIDTH="2028"
                    HEIGHT="140"
                    WC="0.9775525682593045"></String>
          </TextLine>
          <TextLine ID="eSc_line_dde154e7"
                    TAGREFS="LT322"
                    BASELINE="450 2177 1012 2192 1277 2211 1779 2225 2165 2249 2463 2254" 
                    HPOS="448"
                    VPOS="2123"
                    WIDTH="2015"
                    HEIGHT="167">
            <Shape><Polygon POINTS="450 2177 448 2192 581 2208 583 2208 774 2208 830 2208 837 2209 861 2220 862 2220 864 2220 908 2213 924 2211 936 2215 1022 2244 1024 2244 1026 2244 1173 2233 1227 2250 1229 2250 1416 2257 1418 2257 1420 2257 1485 2238 1502 2233 1524 2240 1532 2242 1534 2242 1536 2242 1549 2240 1595 2235 1616 2244 1628 2249 1629 2249 1631 2249 1669 2245 1716 2242 1774 2250 1914 2272 1916 2272 1918 2272 1955 2259 1958 2257 1962 2259 1993 2274 1994 2274 1996 2274 1998 2274 2020 2269 2078 2281 2160 2283 2161 2283 2163 2283 2207 2269 2221 2266 2245 2271 2270 2276 2272 2276 2274 2276 2288 2272 2328 2262 2354 2276 2383 2290 2385 2290 2386 2290 2388 2290 2426 2278 2439 2274 2456 2279 2463 2254 2463 2225 2368 2211 2366 2211 2323 2218 2318 2218 1953 2206 1943 2203 1853 2175 1851 2175 1849 2175 1807 2184 1745 2167 1744 2167 1742 2167 1660 2180 1532 2160 1341 2153 1340 2153 1248 2174 1219 2179 1181 2170 1152 2163 1150 2163 1149 2163 1135 2169 1120 2174 1101 2167 1053 2150 1051 2150 1050 2150 925 2160 907 2160 900 2158 832 2134 830 2134 828 2134 589 2145 584 2145 540 2124 538 2124 494 2123 492 2123 491 2123 450 2138 450 2177"/></Shape>
	    <String CONTENT="Cntrctien à Compter dugour quelle Sostira de Chee moi Jusqu&#x27;a Juivant Ce qui"
                    HPOS="448"
                    VPOS="2123"
                    WIDTH="2015"
                    HEIGHT="167"
                    WC="0.9731029083854273"></String>
          </TextLine>
          <TextLine ID="eSc_line_399b3545"
                    TAGREFS="LT322"
                    BASELINE="443 2264 656 2267" 
                    HPOS="441"
                    VPOS="2187"
                    WIDTH="215"
                    HEIGHT="104">
            <Shape><Polygon POINTS="443 2264 441 2281 467 2291 468 2291 470 2291 530 2284 552 2283 652 2288 656 2267 654 2226 600 2226 595 2223 548 2187 547 2187 545 2187 543 2187 491 2191 489 2191 443 2211 443 2264"/></Shape>
	    <String CONTENT="Desdus."
                    HPOS="441"
                    VPOS="2187"
                    WIDTH="215"
                    HEIGHT="104"
                    WC="0.9836176293236869"></String>
          </TextLine>
          <TextLine ID="eSc_line_a5465d84"
                    TAGREFS="LT322"
                    BASELINE="852 2329 1162 2329 2008 2366" 
                    HPOS="850"
                    VPOS="2242"
                    WIDTH="1158"
                    HEIGHT="165">
            <Shape><Polygon POINTS="852 2329 850 2346 915 2378 917 2378 965 2380 966 2380 968 2380 970 2380 1005 2358 1050 2353 1091 2347 1125 2347 1132 2354 1164 2385 1164 2387 1166 2387 1167 2387 1396 2397 1398 2397 1469 2393 1471 2393 1473 2393 1507 2366 1508 2364 1513 2366 1536 2376 1537 2376 1539 2376 1589 2370 1599 2368 1600 2370 1653 2407 1655 2407 1657 2407 1658 2407 1716 2395 1718 2395 1720 2395 1745 2375 1773 2375 1933 2380 1947 2392 1948 2392 1950 2392 1952 2392 2006 2382 2008 2366 2008 2324 1948 2307 1947 2307 1945 2307 1943 2307 1933 2312 1870 2278 1868 2278 1722 2272 1720 2272 1718 2272 1716 2272 1716 2274 1703 2286 1641 2286 1640 2286 1638 2286 1636 2286 1619 2300 1602 2312 1575 2312 1467 2307 1450 2291 1450 2290 1449 2290 1447 2290 1445 2290 1444 2290 1411 2303 1299 2298 1270 2279 1268 2279 1266 2279 1265 2279 1263 2279 1261 2279 1249 2290 1164 2271 1164 2269 1137 2249 1135 2249 1133 2249 1132 2249 1106 2250 1104 2250 1103 2250 1080 2264 1041 2288 1002 2288 965 2257 947 2242 946 2242 944 2242 942 2242 854 2249 852 2329"/></Shape>
	    <String CONTENT="Le qu b^bre 1789. Signé de S^e aubin."
                    HPOS="850"
                    VPOS="2242"
                    WIDTH="1158"
                    HEIGHT="165"
                    WC="0.9336046850359118"></String>
          </TextLine>
          <TextLine ID="eSc_line_c8eb4fb9"
                    TAGREFS="LT322"
                    BASELINE="520 2424 1212 2436 2054 2484 2460 2489" 
                    HPOS="518"
                    VPOS="2354"
                    WIDTH="1942"
                    HEIGHT="169">
            <Shape><Polygon POINTS="2446 2436 2429 2434 2419 2433 2415 2434 2371 2445 2320 2429 2279 2417 2276 2417 2259 2414 2161 2422 2160 2424 2158 2424 2124 2439 1911 2434 1872 2431 1826 2409 1798 2397 1797 2397 1725 2393 1723 2393 1722 2393 1694 2404 1660 2417 1621 2411 1619 2411 1617 2411 1590 2421 1502 2395 1456 2383 1454 2383 1452 2383 1450 2383 1423 2393 1396 2402 1352 2390 1345 2388 1343 2388 1341 2388 1340 2388 1336 2388 1271 2407 1208 2390 1207 2390 1205 2390 1089 2402 1009 2375 980 2366 978 2366 976 2366 932 2373 871 2382 837 2368 814 2359 813 2359 651 2354 649 2354 647 2354 630 2359 591 2373 523 2356 520 2424 518 2455 755 2438 847 2441 889 2458 891 2458 893 2458 895 2458 944 2445 978 2462 980 2462 982 2462 1043 2448 1271 2455 1317 2468 1319 2468 1321 2468 1323 2468 1345 2460 1478 2463 1583 2489 1607 2494 1609 2494 1611 2494 1623 2491 1667 2477 1744 2494 1762 2497 1764 2497 1766 2497 1774 2496 1803 2485 1899 2499 2001 2513 2277 2523 2279 2523 2363 2513 2403 2508 2455 2514 2460 2489 2460 2438 2446 2436"/></Shape>
	    <String CONTENT="le Donnal Legue Aubti aude haisias d&#x27;aubin Maury C^e farlae Ce"
                    HPOS="518"
                    VPOS="2354"
                    WIDTH="1942"
                    HEIGHT="169"
                    WC="0.967923092265283"></String>
          </TextLine>
          <TextLine ID="eSc_line_639634ca"
                    TAGREFS="LT322"
                    BASELINE="387 2504 1138 2518 1580 2540 1723 2555 2448 2579" 
                    HPOS="385"
                    VPOS="2453"
                    WIDTH="2063"
                    HEIGHT="150">
            <Shape><Polygon POINTS="385 2521 421 2537 422 2537 424 2537 496 2523 504 2523 644 2525 652 2528 710 2550 712 2550 714 2550 716 2550 775 2533 784 2531 866 2537 1021 2545 1022 2545 1060 2542 1094 2540 1115 2543 1220 2571 1222 2571 1304 2552 1341 2552 1430 2550 1452 2555 1520 2574 1522 2574 1524 2574 1612 2567 1658 2584 1660 2584 1662 2586 2005 2586 2166 2600 2168 2600 2170 2600 2206 2586 2277 2603 2279 2603 2446 2588 2448 2579 2444 2528 2332 2538 1883 2526 1844 2506 1831 2499 1829 2499 1827 2499 1797 2501 1769 2489 1768 2489 1766 2489 1764 2489 1735 2497 1703 2485 1701 2485 1699 2485 1698 2485 1669 2499 1665 2501 1646 2499 1575 2487 1573 2487 1481 2492 1420 2496 1377 2489 1292 2474 1290 2474 1288 2474 1258 2484 1239 2491 1217 2482 1181 2470 1179 2470 1034 2465 1033 2465 970 2474 913 2482 832 2468 753 2457 751 2457 710 2465 664 2474 560 2460 513 2453 511 2453 492 2457 429 2472 388 2453 387 2504 385 2521"/></Shape>
	    <String CONTENT="Devant rafineur et salpitre au sestice de la Compagine des indes l"
                    HPOS="385"
                    VPOS="2453"
                    WIDTH="2063"
                    HEIGHT="150"
                    WC="0.9798555645075712"></String>
          </TextLine>
          <TextLine ID="eSc_line_a1cd1733"
                    TAGREFS="LT322"
                    BASELINE="441 2586 1016 2605 1367 2630 2189 2664 2470 2668" 
                    HPOS="439"
                    VPOS="2531"
                    WIDTH="2031"
                    HEIGHT="162">
            <Shape><Polygon POINTS="441 2586 439 2612 567 2623 569 2623 647 2620 714 2618 728 2623 743 2630 745 2630 746 2630 789 2627 864 2618 1096 2635 1097 2635 1183 2632 1207 2642 1210 2644 1212 2644 1213 2644 1224 2644 1275 2637 1326 2647 1369 2656 1370 2656 1421 2651 1449 2649 1503 2654 1580 2663 1582 2663 1583 2663 1595 2658 1611 2652 1660 2661 1715 2669 1716 2669 1779 2666 1868 2659 1945 2671 1984 2678 1986 2678 2005 2675 2042 2666 2076 2676 2095 2683 2097 2683 2098 2683 2182 2681 2311 2678 2330 2687 2340 2692 2342 2692 2344 2693 2467 2693 2470 2668 2468 2639 2306 2632 2305 2630 2243 2610 2242 2610 2240 2610 2238 2610 2195 2625 1960 2618 1953 2615 1870 2584 1868 2584 1866 2584 1774 2606 1764 2608 1626 2605 1616 2600 1539 2569 1537 2569 1536 2569 1401 2588 1355 2569 1353 2569 1352 2569 1350 2569 1294 2584 1288 2586 1285 2584 1244 2562 1242 2562 1241 2562 1147 2566 1116 2552 1115 2552 905 2543 903 2543 901 2543 842 2564 832 2567 811 2562 692 2535 574 2531 572 2531 571 2531 521 2550 509 2554 441 2547 441 2586"/></Shape>
	    <String CONTENT="Aux heitière De Pierre Cavoleau Cy devans Poudrier An même fevrie"
                    HPOS="439"
                    VPOS="2531"
                    WIDTH="2031"
                    HEIGHT="162"
                    WC="0.9658728076861455"></String>
          </TextLine>
          <TextLine ID="eSc_line_c827589c"
                    TAGREFS="LT322"
                    BASELINE="451 2688 1265 2710 2156 2772 2455 2780" 
                    HPOS="451"
                    VPOS="2615"
                    WIDTH="2004"
                    HEIGHT="187">
            <Shape><Polygon POINTS="451 2688 451 2705 492 2697 714 2717 716 2717 774 2707 946 2714 980 2731 983 2733 985 2733 987 2733 992 2733 1053 2721 1283 2731 1321 2746 1323 2746 1324 2746 1392 2738 1479 2750 1481 2750 1570 2746 1587 2756 1589 2756 1590 2756 1592 2756 1635 2751 1646 2760 1648 2760 1650 2760 1652 2760 1653 2760 1681 2751 1711 2767 1715 2768 1716 2768 1718 2768 1750 2768 1952 2768 1994 2780 1999 2782 2001 2782 2003 2784 2037 2784 2216 2784 2354 2799 2383 2801 2385 2801 2386 2801 2390 2801 2415 2792 2451 2802 2455 2780 2453 2743 2223 2733 2214 2729 2073 2680 2071 2680 2034 2678 2032 2678 2030 2678 1918 2712 1906 2715 1895 2710 1826 2676 1824 2676 1822 2676 1722 2680 1720 2680 1672 2698 1658 2704 1449 2695 1433 2685 1430 2683 1428 2683 1427 2683 1425 2683 1423 2683 1420 2685 1409 2690 1398 2683 1363 2664 1362 2664 1314 2663 1266 2641 1265 2641 917 2623 915 2623 850 2637 803 2622 801 2622 799 2622 699 2646 658 2654 618 2641 548 2615 547 2615 545 2615 453 2630 451 2688"/></Shape>
	    <String CONTENT="Tous la Denre De Leur Vivant anns Capdociés hubitant à la"
                    HPOS="451"
                    VPOS="2615"
                    WIDTH="2004"
                    HEIGHT="187"
                    WC="0.9809845884641012"></String>
          </TextLine>
          <TextLine ID="eSc_line_0d40c740"
                    TAGREFS="LT322"
                    BASELINE="439 2770 1300 2819 1861 2862 2460 2872" 
                    HPOS="438"
                    VPOS="2702"
                    WIDTH="2022"
                    HEIGHT="208">
            <Shape><Polygon POINTS="438 2801 504 2814 506 2814 543 2808 560 2804 588 2809 697 2831 699 2831 806 2821 843 2818 901 2826 995 2840 997 2840 1034 2833 1063 2828 1229 2843 1273 2847 1275 2847 1292 2847 1358 2843 1387 2852 1444 2869 1445 2869 1447 2869 1522 2859 1549 2855 1585 2862 1629 2871 1631 2871 1672 2867 1718 2862 1742 2871 1790 2888 1791 2888 1793 2888 1883 2879 1926 2889 1928 2889 1930 2889 1931 2889 1955 2881 1974 2876 2005 2884 2064 2901 2066 2901 2259 2910 2260 2910 2306 2900 2335 2894 2356 2903 2369 2908 2371 2908 2373 2908 2398 2905 2439 2900 2453 2908 2460 2872 2460 2809 2335 2828 2277 2806 2276 2806 2274 2806 2160 2806 2090 2789 2086 2789 2085 2789 2083 2789 2030 2811 1936 2809 1868 2777 1863 2775 1861 2775 1860 2775 1846 2775 1704 2790 1617 2763 1609 2762 1607 2762 1606 2762 1604 2762 1599 2763 1519 2785 1442 2755 1433 2751 1432 2751 1311 2746 1309 2746 1307 2746 1304 2746 1271 2755 1213 2743 1198 2739 1196 2739 1195 2739 1190 2741 1121 2765 837 2753 704 2715 702 2715 700 2715 699 2715 639 2741 518 2705 516 2705 443 2702 439 2770 438 2801"/></Shape>
	    <String CONTENT="Rivsere Bellete An quattier De la ricière Noise la tomme de vingt mille"
                    HPOS="438"
                    VPOS="2702"
                    WIDTH="2022"
                    HEIGHT="208"
                    WC="0.9652746185450487"></String>
          </TextLine>
          <TextLine ID="eSc_line_4bf696e6"
                    TAGREFS="LT322"
                    BASELINE="1087 2963 1213 2971" 
                    HPOS="1082"
                    VPOS="2882"
                    WIDTH="131"
                    HEIGHT="154">
            <Shape><Polygon POINTS="1087 2963 1082 3010 1133 3032 1135 3032 1137 3032 1138 3032 1154 3026 1167 3020 1205 3036 1213 2971 1213 2889 1195 2898 1092 2882 1087 2963"/></Shape>
	    <String CONTENT="104"
                    HPOS="1082"
                    VPOS="2882"
                    WIDTH="131"
                    HEIGHT="154"
                    WC="0.9998051524162292"></String>
          </TextLine>
        </TextBlock>
      </PrintSpace>
    </Page>
  </Layout>
</alto>
