2817 2479
283 790 155 94 Brun

263 933 168 80 franc

245 1005 121 65 Mie

267 1068 147 99 fean

342 1170 16 46 1

192 1217 203 66 Cisee Se

173 1283 230 94 Vandag.

172 1377 227 78 re pertreus

247 1454 148 55 Var

950 1 758 62 de la Repibliqne, Demeurant

954 1 1606 140 Temoins Pour Ce requisl et expres appellés, en presence Cesq

947 34 1856 169 Present Testament Ayant ete ln Trelu un mot après Cantrt An

947 108 1816 172 din testateur, il à declaré y persistir a étre sen Vrnieres Volontes,

951 184 1806 178 Revognant tout testaimient Au Codicile fait Avant le present.

938 261 1852 172 Auquel il Parrite. fait et passé en breves à la requisition du dit

946 333 1815 186 Cestateur, et à Coté le son lit, pori lville e la montagne pli de

935 413 1869 191 Fance le dnodi et la Troisieine decace revendemuaire de lan quatre a

925 491 1834 182 la répubtique Prancaise une A indivisibte à la fennaice troisimie

913 582 1890 167 Parta du jour et le notaire Avee les temoins Ont Signés, Non le testateur

933 666 1866 182 qui a Declaé ne Vouvoir le faire, attendre son extrême fabtise, a le

910 767 1743 164 Intapellé, Ainsy signe. Be Nicolas, Guillouzee, Nalu, a Son

928 921 222 125 Confrere.

1541 897 1208 144 ollationme par le Motaires parsses à'l Jsle

1522 990 1252 110 de France foussignés Sur la d^te Prece Cetifre toutatre

1518 1072 1235 108 n Signe E paraphe au deir celacte au crepôt

1522 1141 1249 110 Don le Double en ces Autres parts Joiite a la

1516 1214 1251 109 Premicre mnute d'icelui Le tont restée An pouroir

1533 1294 1242 105 d balu Lun deux qui a Delivres Cen fresentes

1506 1359 20 48 5

1506 1382 1280 115 Ce Jourdhun Premier frncaire celau Qnatre uu

1501 1457 1270 125 La repubrique Française une l endivisibse Signé

1505 1560 333 96 à Balu. /.

1409 1607 1339 158 nregistre par moi Greffier en Chef. dutribiun al

1377 1731 1408 124 Sappel, Pour, teuir lieie Cinsinnation, foustigne sur

1399 1813 1362 102 une Expid^e a moi representce Ee rendue, aprré mention

1413 1886 1200 108 faite sur Jeille du present Cinregistrement.

1548 1955 1218 127 Aaport du Nord Duest Jsle a France

1417 2045 1388 107 le 6. Prnmaire L'an N° dela Republique

1409 2125 1336 110 faiir emef Jnd^lle /. Traihmot Rayes nal, Le mot trou

1384 2221 518 107 Surc harge approser.

2119 2246 264 106 AnftJui

1613 2338 53 95 32
