2001 2122
443 1 1129 82 et Jaterpelle Suivant la Loy Lepres Lecture faite.

35 103 377 75 Destament de

679 62 1060 81 Suit la Téneur duc Testamant.

27 172 371 90 deffunte Louise

435 186 1550 109 de frauce et les temoins Cy apred soussiquece fat presente Louis Rost

562 124 1401 94 Pardevant moy François DeListe notaire public à l'Jsle

36 251 199 62 Prose

464 253 1527 84 Jemie Libre de Couteur majeure affranchie par Diffant lef^en Verriers

428 310 1547 95 tfficier de marine archaude, La de Rose residentt au Camp det

444 367 1547 99 Malabard de la ville et port du Nord omste de la dite Jsle de France trous

440 429 1546 101 en une Care procze De la Sienne appartenante à Madetoine autre fumnie libre

430 475 1552 132 de fouteur Sa Voisine, giffante sur un Lit malade de Corps mais fance desprit

439 537 1519 117 Menmaire Jngement et Enteur ement ainsiy quil est apperu aus dits notaire

431 589 300 59 et Temoins.

430 695 1533 121 Savoir mis ordre à ses affaires, a nommé et dicté au d^t notaire cte

615 662 1352 104 Aquelle en vuc de la morte et Cragnant d'en etre Surprise avant

433 753 1523 118 peseue des dtemoins Jon Testaimant et ordonnace de dernere Volante

430 794 381 79 Aensy quel Suit

430 901 1553 139 en palissa des Couverte en peille entourees de purres seches Sur un terraiss non¬

528 854 1445 125 Dessare La Torstatrce quelle poir de a ce moment au d^e campder Pares

418 956 1562 134 Tonudé proche le ravin du pout rouge son Cefffe et ses hardes dont du tout

437 1009 1528 128 elle fait don et Leg ainsi que de tous le buns qui se Houiaront Lui

436 1063 800 93 apparteur lors de son déces ala Cur

439 1114 567 92 de rosalie affranchie du fer

1005 1149 958 105 Garreau residente aud^t Comp des malabards

1256 1112 716 92 Ca thanie femmiie Libre de fouteur fille

437 1169 1523 150 demeurent a peu de distance de la testatrice l'instituant a Cite effil la

440 1239 1530 126 Legataire aivertelle pour de tous les dits burs ea jouir faire et disposer

437 1284 1525 135 En toute proprett après son de Duis, Come de Chose lai appartenante bun

432 1338 1548 125 et Legitememente au moyen de son presente testamant nomment ef Coustituant

440 1391 1525 127 pour Lexuutior de sou presinte lestemant La personne du fit Jalien

440 1450 1523 123 lugot patrau du Carage du porte quelle pris den preudre la peurr

407 1517 1575 108 de Dissaisissante de tous ses d^t biens en les mains suivant la Contnne

413 1570 1567 114 pour les reuettre à lad^e Catterime, Car telle ett son intuition et acte de

425 1631 1551 111 derniure Volante, dans Laquelle elle persiste revoquant toul testement

431 1672 1420 112 et Coduites quelle pouraits avoir fait avant ces paventes.

440 1773 1537 179 Citoyee atisit desqaittes et le Citoyen sose ol La Contaime quele

591 1748 1373 107 ce fat ainsy fait et dicte aud Notaire en pesince du

861 2014 88 72 113
