2479 2817
654 1 394 38 pier

629 21 948 94 d la manieire Rarnoi Quil fuie.

876 79 1598 115 Premierement, Pent et Enteid la Testastice Quaut suur a

621 154 1853 116 Sa Mon La Noyesée Soptie Créole Son Eclave Son Affranchie Ansi

154 228 2320 135 que se dester Siavn Ses deuux Enfant de q et Ce en recompense de sic Bous Serrmes, e

140 302 2332 129 Sont, sosens payes L'effa de quii en pro pour parvenir a obtenir leur libervé Elle donne

140 403 504 75 et Aequettes, a boste

142 461 496 71 réparée Avans bonter

626 394 1846 106 léque ne Somme dr troel Mille Livred aprentre Jur le provnt de

140 482 1374 111 Autres disposssiont, Vente de ses Meubles et Effets.

175 572 451 66 Aout et entend la

136 626 241 103 Teratrice

887 538 1585 116 Donne et Legue A da Citoiyenme Adite Phermont da meue un

374 666 20 66 A

590 632 1333 95 Somme dvinge, mille Livres une Foit payée.

884 701 1579 111 Donne et Legue Mu Eitoyen Bouard Actard, une Jome

608 785 1057 96 Quinire mille Livral une foie payee

840 818 1615 127 An Cnoyen adolphe Antard mie somme Ce Cinq mille

575 945 653 69 Liures une for Payee.

779 948 1640 139 Veut, L Cntent La Testatrice qui Ces deuxr Demieur

546 1032 1907 140 Jommes legués Aux Oits Edonard et Adofphe Antard Nepuissens

571 1106 1887 133 ene Danse Ancuu Cail a la disposssionn du Croyen Bertrand leur

552 1175 1897 147 paratie Aenuls Recommane a son executeur Testamentaire Léxeur

539 1314 437 92 de ls Armile.

821 1330 1634 152 Donne a legue a la oyenne, Lincente Desmarits an Convert

518 1413 1950 136 Dargene, son noir nomme Jeannot dt Caste malabarr, à Condition quilu

532 1514 1450 126 Jeaa Affranchie Après le deces de la dit Legataine

863 1571 1592 128 Donne et tegue à Citoyenne Marie francoise Lossieux Grouse

541 1643 1906 137 du Eroyen Chermont, le portrait de Lonpere, et fai mere a Cilie du

543 1730 1914 129 Citoyen Prspere Chermont, la moitie de son Linge Necuf, brod malles

528 1798 1899 134 a son Choise et deux Armoires Et le Jurpleit de ser Biense f'il

524 1892 1912 125 Seu toruve Apres Egale Porsion entre la Cite Vincente Aumarit,

530 1968 1870 115 Louid Robert, Thomai Chament fils et pospere Chermont son freac.

2421 1989 22 94 1

787 2065 1654 96 Et peser Executer et Acoossmplir le Presene son testament elle

514 2131 1955 92 Nomme la Persainie de Ciroyen Charles Magon midine, lequel u

524 2194 1904 98 Ale prie dtevonloir s'en Charger, Cntre les mains duquel elle se

452 2277 1970 87 Duioi dt Tous Ses bien Luivant la Contuner ; revegnant Toud testament

505 2341 1920 101 et Esduiles anserieurde An presese testament auquel seul ille sairet

508 2438 1091 91 Comme Contenant des doniires Volontes.

2424 2399 47 86 4

2430 2480 45 69 ne

740 2518 1677 144 Ce fun Ainse fait Diers et Nonmine par la Gesratrice à Jes
