3117 2479
2643 5 348 91 Een quantesu

842 85 2120 107 Splus Convenables que Tont Antre qui prrerrocent se proposir, l

851 161 2209 126 Malheur que jai vu Arriver Souse mes bycuus ; et le margue Tect pour

844 235 2228 146 Criter Pareil Danger, Sonlant qu'aprés Cela que lon Commence par parjer

848 331 2242 137 Ci que Je Doit Suivant Letat que se foit eci observant Ce qui est de

834 431 2259 135 Conptatts La Terme Ensmite on fatisfera Aus ligs Et actement, maiie en

820 508 2281 154 Minageant Aussi Las mtérets ema juccession, Jeprie ex pressement me

819 590 2220 168 Exeonteurs Pestamentaires quil ny at Rien le vendu que par lavoie

815 680 2249 179 Jndiccaise, & que les affiches Pubfignes annonceront Dou 15 Jourd Au

812 765 2270 168 monie Jour faire Lavisite dese Effete Cesclaves e C mon D'avance 70

804 875 2286 164 les imesibles qui ex eqnt de de Condisiond pasiiculierespour en farre lavor

804 925 2289 202 De maniere plus Convenables au vendene la Lacquereure soit que l'on vend

794 1020 2310 190 en Grac on en Detail, mars topours De quelle maniere, que ce fos les escla

787 1123 2317 178 t les tronpraux doivent etes payes Comptant tt les Jouds de tesre a un

789 1184 2311 227 Tiers Consptant ate purplus a 2ou 3 ani De terme Cnon au De la

750 1293 2358 242 dpour eviter les resques que l'affiblissement qui poserrait resilter sur la valeu

778 1426 2151 188 des Biens ne fut obstacle à la facilité, à la fureté Du payement.

961 1513 2135 197 Le nommé pour mes Ex ccuteurs Testamentaires M^e Rion habitant

772 1600 2316 223 Me pipou Employé du Roy pour agir de Concert Cintesmble, Je lesprie

763 1662 2300 250 touloice Bien me rendre Ce Dernur Service, qui se regas de trée iiiportant

763 1739 2285 255 tres Grande pour ema famille, mais je les prie autil, pour faire bout Ciq

753 1839 2310 235 Conviendra quils Senttendent Ensessmblé L'ans Lexecution foit a finventaire,

745 1912 2348 252 son aux ventes où lun des deux poserra fesul se trouver Cagir Comme Jils étoien

731 2003 2359 254 Lous den presents, a Cila pour éuttêtre pas inversompre soit par maladies où le

731 2090 2355 259 affaires partienlicres, qui pourrasent les Rotenir . Dandé La Trainte que l'un où l'an

3005 2277 103 111 Je

741 2220 2351 231 De mes deux executeurs it mentaires nommes Ci destus ne Vint a mangner pour

1468 2320 1479 157 e par maladie alsenée on Autsement en Ce Cat

2899 2396 209 81 Pelata
