2479 3050
491 1 1960 58 Nmonen romme de fart il Mnoise a von lFortd de

491 54 1940 106 Proptietté quil pour latont sur ledite gean Joutae

474 160 1996 89 Entendnt qu a compter Sece pui elle sit Reuraner lbe de

477 235 1993 108 Sa pessonne Leoniuue Cette Jouisse de hour dtoit, Picrreyntite

455 349 1901 84 I Mivileye accordee ax etsonne nen de conditionn Iibre

530 460 1918 105 Qe Vouie Se coufemet a la Loi luci le fait dext

479 535 1955 136 Affrancchemenant il a fait unnoneu le detus on l Etoit de Lui

393 640 2074 129 Donnue la Frosré, Lyne Vessonne un l'est opposia et acte de

488 737 1974 127 Bun fisanc E d'hinoiite d'après cequi Pesitie du cartifient

413 837 2055 149 le de Laquet national cesdutte de aagt huit messidon dene qu'il

481 955 1972 120 a Represeare aetf Notaiiee Soussiynis, unse pue sa quittance de

484 1033 1972 148 Dtoite par lui paye a cet ceyare au vesva yeneral de

481 1170 1955 129 la dommine le mene qour, lesquelles duns lui ant dle sucu

489 1287 1247 112 Sa Regemoitesne a Buslant Reudice

484 1406 1920 96 Et pouur que ladite geuune ne duisse de laie a chazye a la

498 1508 1904 113 Celonie il lui a por ces présentes fait donnation pere seuple,

494 1594 1918 112 drevocable E daes la meiltete fornnie que donnation puinse Valore

488 1692 1923 122 ce acceple par ladite geannel pour ce presente Demensant chez

486 1784 1955 135 Led Atoyne Lafoud teante L dour elle ontant que faire se deut

486 1894 1967 120 les notaire Soussigné, de la Domme de Trois melle livccdr lide

496 1996 1945 142 Momoye de atte rolaie quu'il lui a comptés nunierés E

496 2126 1955 129 Delsiie a vant cec esnite en dapes momoiye ayant de lilée

489 2212 1947 143 uuun Trousseau de tenge E Lordes, diters meubles Meublans Tout

493 2379 1926 81 qur de ele etlun parr yeus a re connoittance uu Somme da

489 2443 1962 141 quatre melle lisces, desqueltes dite Does Sieuye, haidre, effit

482 2567 1888 128 L meubles que ladite Jeaine Declare erfoie en Sa Soussion

496 2699 1883 145 elle, Seelan Remerinu Son maitre anse que dre sxx de

494 2790 351 121 Soi Libesté.
