2883 2479
2044 1 706 96 loixante et anieure fu lit

567 77 2238 148 Sour son Concation d le furplesite Employé à Remptais les Bselavil

579 161 2247 173 qui pourrerent deccont pour par la d^e D^elle petrouille Lanquillat Jour de se

586 267 2241 153 dits Biende Entonte proprieté sons lea Reserves Cy après et vans le car de

574 351 2240 161 Decis de la d^ D^ puronille, Louque le pretesement du present lega Aura

1849 448 62 75 de

1942 435 892 121 Engenie lanquillat Sa Sorsir,

586 561 1336 126 Aux meinge Clauses Ee Conditiond Cy dessent

792 647 2035 113 Doinne de Legue La d^e testatrice Antomeme pierse diphelin agé

516 742 2291 118 denvriou dix anse, Dapuse Sur la paroise Cᵗ touis de Citre ville, on il a e

579 797 2226 156 Poparans, le S^t Carvalhe habitant de Cetre Jile & Dine Trialis Sa

2703 877 124 73 dene

590 892 2142 136 marame, le C^t Pierre Demeurant Aucellement Cher les Sieurie 2

590 994 2248 146 Trisls Quartier Oe fapesité Riviere une habitation de Cent Cinquante dit

589 1070 2248 161 Arpen Set eni quarte de Eriviron, Pise En Cette pe quartrer de fflacq, berné

596 1162 2253 154 La faci sur la Rivièse Secle &t la profondent te toug ce Balisagese

597 1245 2268 173 des Ct feline &e ferreant habitants au den fprevier Plai donze Selavel

597 1333 2261 172 sons dis nous de pioche l Deux ene grenate deduns le cat où dans la

597 1458 2239 129 Sencestion dle la de testaice, il ne sitredidavit dett absin de nors doient

590 1556 1215 131 Remplais Avec des Roisde Scienus, Sain

1911 1563 941 74 d Puisse a Comprendie

593 1636 1300 143 Aucunement des Etelaver imvalisel; Couin

1965 1626 883 112 aussi que la de habitanon Et

597 1727 1199 136 les dits Etelaveite Seront mil a Bailé

1837 1757 61 40 5ar

1961 1728 901 81 desci Jus qua la Majorité on

596 1823 1208 129 Ctablisement Par Marsage du d^t Pieure

1984 1815 886 85 Sidt le prodens être prelive une

2004 1874 855 98 ration &e le furplent Eenployé

589 1890 1209 168 Somme Suffisante pour Suloinir c

1951 1958 915 85 re cin dans le Cade lhe Cuet On

597 1959 1305 164 a Ranplaur les Btelavnt qui Poasont 74

1939 2035 909 95 lesai son Effet, la d^e Tetratrice

611 2060 1211 146 d^e Pierre Le prclevement onpresent les

1962 2119 35 51 3

2097 2109 765 104 tonfrance Donnaventiere

603 2136 1206 165 Lui Subotitice la Patonne du Pile Ving

1960 2207 884 92 cett mise Pres de moranne En

604 2250 1200 133 Riose Demeurant Actsilement dur ses

615 2326 1204 136 Anjre, qu elle mositice Cande Ce cas

2026 2288 704 112 dégataire quant a ce.

1628 2425 186 52 Mlatrie

2019 2374 818 103 nte le Calou les dint d

2804 2345 51 77 Ce
