3508 1929
793 125 282 77 tam J.

1112 94 1163 96 deur Donne Aufdi Chauise un Bois dd

2301 109 313 49 30t jason

2693 107 52 31 332

2835 85 226 76 Sa Mafva

757 152 2306 143 San Matelat mie Convertero. Pus Chaume 2spaires de Drape . Ilus Je

780 258 2278 116 Leur donne une Cable 6napis 48 Serviettes. T. Chaises Deparlle en

760 348 2299 117 ontre mannite Barili de Gateres Ganiele la quantité Vecepaire pour leur petit

764 454 2276 95 Menage, Vour le Jurptiile Qnils Anront Besoine seprée mes Cxenteurs ses

765 551 1792 93 Destamentaire de leir procurir An Compté Ce la fciemon

1017 645 2026 92 Le Leur Donne Maussi la Nommée Annna Bongatie, Donnestiqne elle l

3048 675 13 32 7

763 739 2320 106 Tone ses Eufans presens d avenne Garcons d filles a le petit Louis Creol fils

769 833 2283 84 de Deffrent fanchon Malgache Avec ne fomme de quinze Mille Sivzes

763 932 2332 80 payablesande Lispare dt trois Ande prefix. a d000 par an Après mon deces

783 992 2299 112 Certe fomme Etant Destinces pour la De marie Eicité Pearine fille de

762 1096 2347 88 Marquerite Ercole, disoste que Si Clle Dinoit a mourir Avant que de les avoir

787 1178 2280 87 Reene Cette Sommie Resteroitit A la fuccession on Ce que Risterait a paijor

785 1281 1616 98 si elle venoit a lecet danse Vespait de 3 annies.

1041 1368 2061 81 In Ler Celiviera E Sesa a tenr Aispotition Ce qui leur apparnent

786 1444 2364 94 Qui ete Chez moi qui Consiste Cn une Amoire DeBoit de natte fermmant

795 1518 2316 116 à Etet deux Commodre De Bois de Tanille, 2. Grands Coffre Equelques

777 1626 2376 86 Boine Letout Contenant teuril hardes, linges dt quilsoni Achité inour

796 1701 2358 107 Leurs viage, letont Jerce dpaye a la Elte margnerite Créole libre Tant

793 1808 2373 80 Quitte Sibtesa ce fu Quelle sonisse cede l'Bspere ditont Comme una

293 916 36 60 4

287 1711 33 59 14

310 1774 153 67 clivre
