3342 2479
2420 57 679 111 Soixanteceune feuillet

810 112 940 87 Ceurnes de Condjsionde Libre.

1023 168 2272 122 Eteni en faveur a leur libesté, Se leir Donnà laNommée Belin

798 279 2506 92 Caste Jndiende Agée venviron trente Anse, mou Eclave, et la Sonme de Six

800 378 2492 94 mille Livrve Aprendre Surle pleuit Clair de mal Dient, Pour du mit en Jonir

778 471 2540 99 En doucte l en toute Propriité  compter du jour de mon deces, len cat eer dend

776 572 1886 98 de tii deut, teront axpartiiidin Au durvivant Deux.

1060 662 2222 102 Iteni Se Veux qué touse les effetse a Lingne Corporelit à Emage de ladise

778 757 2518 116 Gertende a des enfante, lui Soient Resois, ainsi que lede meubled dabroliie

702 841 2615 113 d Veccusité, dont elle auia Desoin Pour Son menage, a le Sumpluit de touse emel Antres

778 932 2513 135 menblede aeffetie, seroins Vendus; Ponolé prix Ainsi que le prodint de ce que

742 1027 2560 133 Pouria Mappartenir au jour er mon droit etre placé e le Revenie etre Runiue

774 1125 2526 135 par mon Eiciraur testamentaire, a la ditte Gertrude, Pour L'aider à viore Puit

775 1232 2533 125 Commodement ; mais a lais maprité Exprce dece ditst Victor. Ance E Fancorie

772 1338 2549 110 marie drsire, tout le Frodint dema dncccssmon teur Sera Rmiil, Pour en jouir Char

768 1443 2529 113 Par moctie en toute proprieré, à la Charge par eux de frendre din de tenoinire, Saire

761 1557 316 76 Burante.

956 1614 2373 110 Item Jevesix quetont Ce qui se tronvera m'appartenie en Argentsie Anjour

763 1713 2521 107 E mon deces, tel que Converts a Bonoles Diverse Soiens Runis par mort

772 1787 2553 124 Exsentenr testamentaire ci la Caisse dst qunize actifles de Cive ville aux quell

735 1926 766 95 Sen faidbvon llegs.

884 2023 2418 96 Steim de nomme poir Execioir le presente mon testament, le Cicoyen Libron

760 2109 2548 115 mon aimi que jeprie den prendie la penie, et pour l'indeninisés et dut soiis

761 2200 2571 123 de fanre fraise, de le pree de prelever lur la maste de ma Surcission une Commipion

759 2327 1403 114 de vix pour cent que je lefrie Da ccepter.

70 1933 12 50 1
