2479 2575
2108 1 139 49 Sijn

731 1 1340 149 Reguer Dappelles Lesquels ont Signé auce le Testaton & nons notaire

709 61 1369 169 Louis Gomitoust Sacquispie. Gillot Bevinond. d Durant

1447 170 309 76 Ensuite evt cevit

715 185 1721 188 Controté Au tort N0. Jle et France Le 18 Brumaiie an 4. E quarante Sols Signé

722 363 133 110 ferirer

954 314 1353 172 Enregistre par moi freffrerenchef datribussal dappel etliste et france

953 391 1460 175 Soussigné Sur Lorrgisal re presenté et blendr après issention faite suvcutos

928 543 547 93 du present En regisrement

1528 572 231 88 Auft Fery

247 915 467 87 Brumaire lan Pres

256 1002 44 85 7

883 859 1495 162 Carderant Llede notaire se Publiese a Lisle de France

230 935 2161 183 tran chissement Soussignés, fus present Sean Baptiste Manvagne Estoyen Entrpenenr

206 1032 2212 161 M^e Jeanne Victard epécneries en cette dite Iite, y Demeurant Ville dn port a la montagne

233 1183 455 83 Jeanne Julie Cicole.

924 1125 1476 116 Lequel Goulat Affranchie d fervitiide les nomméc feanne

297 1274 198 52 8ar

609 1195 1766 133 Victoire en Jeanse Julie toutes Dense Cléoles ; la Premiere Agée cee

158 1260 2242 131 Cite S^tn Baptiste Cingand, et la soisre Seconde ce Deux ause l'une et l'anvie seil

138 1340 2260 137 Pandagne entrpreneur Eie lavese ; à par Cese presences dit et Declaré qu'il Renonce à toude doux

138 1476 247 83 re pettier.

578 1417 1812 129 Droits de propricté Jur leurd personnees, Poulat et ensendant qu'elles

206 1499 2181 108 vae foyenn et Denteurent libress d Comme Tels Jouissens des Droits l

541 1585 1232 118 Prerogatives des personne nées de Condition Libre

898 1682 1483 107 que pour parvesnir à leur procurer Ces etat d liberté, il

611 1765 1756 84 Auroit fait anoncer son intisition Par la Voiye Pubrigne et que

606 1835 1774 100 Persoince ny a Forme opposition, Suivant Ce qui Reselte du

602 1918 1789 96 Cenificat de l'agent Vational Pres le Directoire en Date Duvingt

578 1999 1838 99 Veuf Vendenniaire Détiner, quil a desmite acquitré Les Droits de

591 2091 1803 87 Commune fuivant quittance Du Treurier General, Lesgnelles dit

585 2161 1809 126 dieur Par lui Representer Lui Ont été à ca Rrequisition à l'énstant

595 2244 179 66 Rendür.

860 2261 1537 123 que Voulant se Confarmer à l'arsésé de Lassemblée Coloniale

1187 2414 41 75 2
