3042 2479
971 158 572 127 Amsant Rendries.

2569 202 347 77 quat ante dariet

1154 282 1795 138 Que Poulant se Conformer a l'arrêté de lafemblie Coloiale Surle

2683 254 88 93 D

928 364 2040 127 fait des affranchissements, et ne Pas mettre le oit fean Dande le ca de

923 465 2110 102 Levenir à la Charge à la Colonie ; il lui apar Ces pre, et fait Donation

2984 455 38 66 5

936 528 2088 120 Entrivif, fure simple, irrevocable E Dana la meille fonne que Donatione

917 612 2109 116 Pinsse Valoir, ce acceptant Jour lui les Notaires ques, ca la somme d

909 689 2108 111 Praimille Livres monnoye de Cetre Colonie ; laquella somme il Fromes t

913 787 2095 95 loblige fayer au Ds affranchi aufrôt sa majorité, se Sommettant de

782 877 2199 114 Pbligeanc deci a Ceste epoque, Lelever, nourir, Soigner, Cntratenir et Véoir tui

910 966 2090 101 en Sante que malaoie, et lui faire apprendie un metier Anfirot que son age

914 1035 2094 116 Les Lui Permessia ; affrctane, obligeone l hpporhequante Pour ces effes toui

910 1126 1459 79 sel Bient meubles Ef imieubles, Presente Lavenie.

1209 1207 1804 99 Et pour Lexecsioo des presentes, il à fais clerion er Domicile en cette

2991 1181 35 59 2

927 1267 2075 129 Jile, en sa Demoure susoise, Lanquel liuu donobstant ; Promerant ; obligee

898 1357 2126 113 Renoncant; fait ce paosé en Double mute, au sou de la montagne Jile de

884 1452 2130 91 france en l'Erade, Lan quassiame de la Republique Francaise, run ces indisisite

887 1538 2113 80 Le quatre Brumaiie Apres midy et a figne leux minutes ces presente don

2988 1516 48 63 6

912 1630 1948 86 dune esn pour être envoyee au Eusean des Chartet, llantre

896 1728 2075 70 Conrotce le fept die meme monr, Par fervier qui a Réou quarant

1257 1702 105 56 de

2944 1659 51 70 3

2952 1773 39 47 6

872 1802 2096 88 Jols, en Syneurée en la possessnon un cet hataises de Louand

2971 1855 57 81 deo

822 1888 1398 125 de des Notairea sonsagnere. Signe Delisle et donant

2992 1929 33 54 —

1817 1966 1183 83 Enregistre Sar moi Greffier en Che f3.

1755 2041 1258 84 Diibunal d'appel drlisle d France, fonon 19.

1740 2122 1252 78 sur une expecition a moi Represente le Roisse

2993 2159 39 37 —

1720 2187 1198 85 après mention faise sur seille Du present

1727 2284 480 62 Curegistrement.

1796 2346 1161 102 Rupors Vort Onen Jile a France Ce
