2479 2492
743 1 398 44 et Cisle t Sonand.

267 859 2148 100 Bmmaire Pardevant les notaires Pubties a l'ule er France Soussigne

342 927 2052 118 L^em & la repubtigune Freonne Julien mabé, Charpestica Demeurant au Canton a la

267 1024 415 55 nimmuin

702 1030 1421 78 pavanne étans Ce jour en La Ville du Port De la montagne.

246 1067 468 90 ESFranchissement

249 1158 365 67 Nomme Jean

891 1099 1492 86 Lequel Voulant affranchir de Seuriticce, Le nomme Jean Creol,

180 1232 434 67 creol Par le.

691 1180 1720 82 Age de six mort Par lui acquil de la nommée Marie josCitoyenne de

188 1286 97 81 den

325 1288 381 113 Julien matze

684 1248 1728 93 Donleur, V^e Lavocat ; apar Ces presentes Dit et Declare Quil

199 1378 397 86 3

645 1335 1756 106 Renonce a bous Dioits ce proprieté Sur sa persenie, ne l'ayant

678 1412 1759 94 Reques que pour lui Procserer enn sotet heureux ; et en Consequence il Vout

656 1482 1759 101 et britend quil soit et Demanre Libre e Comme Cel souisse cet Brorte

609 1572 1735 111 iiliges E prezogatives Artaches aux Josonnes més a Conrision Libre.

857 1684 1566 72 Que pour Parvenir à lui Proemer Ces etat de liberté, il auroii

637 1754 1767 99 fait Publier et annoncer son intention Par les affiches Publiget, a

630 1844 1808 91 que personne ny à fonne Doppartion Juivant quil Conste du Cortificat

623 1935 1803 90 erlagent Vationnal en date du jour Ctier, quil à arussi faye les

602 2026 1813 85 Droite de Commeime Suvan quittance du Tresorier General du même

635 2107 1776 120 jour, lesquelles Pieur Par lui Representres lui dnt été à sa requisition de

1380 20 923 99 Enregistre Par mer Greffier En Cef du

1325 81 1073 94 Eibundel Dappel de lisle de france, Soussigné sur

1310 155 1096 87 uue Expecisnon à moi Re presenté, l Rrendice apres

1297 227 1111 78 mention faite sur Seelle du presens auregistrement.

1265 354 1128 91 le Seire Bemmaire L'an &e de la Ripussiqnue

1481 286 930 105 An port de La montagne fle ee France

1256 433 674 91 Prancaise une et Jndivisibté.

1848 521 290 149 Antter
