3008 2479
450 212 482 128 termaire de

2386 258 415 91 Mananeteu

486 331 219 67 Jan

743 312 109 68 enne

311 380 781 129 Cunnuune Jsle ae

995 338 331 102 ardetant

2424 347 341 81 Jaarante repe

1373 378 462 113 Lece Notaire

351 480 2568 263 destament de presens Citoyenne Anne touise Lossieux veve de fen cevallon Doincilie

1092 439 975 162 france Absissd des Temoins Cn

1856 426 1054 164 Public au Canton de pamplemons

329 538 562 135 La Citoyenne De

862 579 52 62 9

2094 560 831 114 Après Vomima et Joussignée fus

922 615 1400 165 Au Canton Susdit Jur L'Etablifsement du fitoyen

362 685 2544 229 Dedvalonce Nême Canson Ce le Notaire et tomaint se sont Ex près Transportie

2345 734 578 96 Ctermont Nabitant

330 765 2545 236 smmuiea requisision ; Laquelle étant dans son lit malade de Corpe maie néom

885 906 2029 183 Saime Resprit Nemoire CCntendement Ainsi Quil en Apparis cide

2879 900 35 69 à

906 1010 1936 148 dits Notaire I Demoins Et Poutant metire Piere a fes affs

920 1105 2065 149 fait disté Enonine le present son Tessament l Ordonnance Ee

928 1225 567 80 Donnière olonte

1537 1236 1432 130 Quelle Venr et Entend êti exccuté Après sa mon

227 1342 37 68 6

911 1298 1068 132 d la mansere lamoi Quil fuit.

1183 1415 1809 130 Premierement, Sent et Estend la Testatrice Quant Sicot Apr

915 1509 2087 113 Sa Moit La Noyeenée Soptie Eréole Son Esclave Sou Affranchie Ainsi qu

333 1616 2669 94 Que Sas distes Siancues deux Enfants de q ce ce en recompense de Sec Bous Sernes, à

319 1706 607 65 Jont, Josent payes

944 1705 2059 111 L'effa de qua et par pour parveino a obtenir Leur liberre Elle donnes

326 1776 633 80 et Requittes, a borts

929 1791 2074 138 Léque une Somme dr trou Mille Livred aprendre Jur le prodent det

329 1855 633 77 Reparee Avam Toutere

334 1888 1625 129 Autres disposision. Vente de fes Menbles et effets.

381 2001 547 91 Nent et entond la

1262 1998 1734 95 Donne et legue a la Eroyene Adite Ohermont sa meu n

329 2076 303 82 Testatrice

628 2131 64 64 de

909 2094 1498 90 Somme de vinge, mille Liviel une Foit Payee.

1265 2169 26 55 6

1276 2181 1727 116 Donne et legue llu Eitoyese Bonard Antard, une Somme

950 2279 1217 104 Qunire mille Livrait une four pagee.

1246 2338 1759 129 An Cnoyen Adolphe Antard une fomme Ce Cing mille

1768 181 52 47 lal
