2592 2479
1104 534 854 109 Aci t mon Cestament

858 610 1399 154 Aunom Dupose &e Du Sils lDu Sains Coprés

410 764 408 100 Destament Du

387 725 2112 208 Citoyen de Fanbiin Depourdhui souissant D'une bonne Santé et reflichifant Sur la Fragilisé

385 914 366 88 Eunnree

774 808 1718 171 De pifse ex istance qui netoens qua un souffle de vie, Cess pourquoi avant que l

791 871 1697 149 Moner Jevais mettre Ci defrou mes volonsés par Citit a fin quellea soiens suisi

776 961 1711 122 E Exaitement obsaves par Cens que se vaite Tommée Ci apres tuie mes.

785 1021 1588 122 Exemieurs Eesxamentatre que je Choisis Comme me pluie proches le

778 1082 1702 128 meilleures Anne, que je prie Er vouloir Dient repondre à mes intesniione

760 1145 1695 138 D dt Rendre faviie à mes heriniits qui Cont quillanme Francois, D

765 1228 1685 127 Vincemte C^t Aubin mes Deux frris, le pruncer L'ainé, l L'antre mon Cadit,

763 1335 373 73 ou teurs Enfant.

920 1370 1571 113 Le Juiie né a Baptisé de 29e 8^bre 1732, à La paroisse de Pommerival

745 1443 1740 100 Divéèse de Roien où jai été nommé Pierre fils legtine de Francoise E

820 1509 1672 109 Aubin, & de Cilile Barbe Julien. Pau pierte Loulis Votaire royal Poud

738 1607 786 80 Paraint Panne Bigot inbraiine.

888 1644 1582 114 Ml voyant ibolé possidant la propriité de plusieutes Dient de

756 1735 1732 88 Copsequence par leur valeur, Tant en Cette Jile qua Celle de Bourbon, que

743 1806 1752 93 ai Acques par lon frisétis frsitse de mon travail, de mon Ceonoinne, & de

665 1879 1829 89 mon Commésce, Cett pourquor Je Suide Citrisement Libre Den

710 1963 1791 93 Disposer à mou Gre dJepre mes Eocuteurs Testamentaires e

729 2039 1765 91 quapres ma mort d'en Tier Le plust Grand Avantage, et le meilleur

713 2125 1737 97 parte posille pour Cilui de metheritiers, le Nommant même Davance

699 2211 1753 101 pour leur procuseur lts Comme mositant teur Confiance a La Mienne

210 1110 28 57 4

145 1283 102 54 ilin

126 1334 175 95 Van

123 1410 181 80 e put i

205 1491 84 56 2

1855 4 118 45 Dordt

1994 1 155 27 Pueot

1508 16 333 79 Aupon

2302 1 155 67 de la

1809 22 446 103 Aemaire Lan 4

1381 66 401 110 Le Vfnge nenf

1623 173 14 33 8

1378 130 548 131 Rep^ᵉ fo e Pisnd^e /

1851 245 265 158 Cntton
