<?xml version="1.0" encoding="UTF-8"?>
<alto xmlns:xsi="http://www.w3.org/2001/XMLSchema-instance"
      xmlns="http://www.loc.gov/standards/alto/ns-v4#"
      xsi:schemaLocation="http://www.loc.gov/standards/alto/ns-v4# http://www.loc.gov/standards/alto/v4/alto-4-2.xsd">
  <Description>
    <MeasurementUnit>pixel</MeasurementUnit>
    <sourceImageInformation>
      <fileName>JK14_4.pdf_page_9.png</fileName>
      <fileIdentifier>pdf//JK14_4.pdf</fileIdentifier>
    </sourceImageInformation>
  </Description>
  <Tags>
    <OtherTag ID="BT7" LABEL="CustomZone" DESCRIPTION="block type CustomZone"/><OtherTag ID="BT8" LABEL="DamageZone" DESCRIPTION="block type DamageZone"/><OtherTag ID="BT9" LABEL="DigitizationArtefactZone" DESCRIPTION="block type DigitizationArtefactZone"/><OtherTag ID="BT10" LABEL="DropCapitalZone" DESCRIPTION="block type DropCapitalZone"/><OtherTag ID="BT11" LABEL="GraphicZone" DESCRIPTION="block type GraphicZone"/><OtherTag ID="BT12" LABEL="MainZone" DESCRIPTION="block type MainZone"/><OtherTag ID="BT13" LABEL="MarginTextZone" DESCRIPTION="block type MarginTextZone"/><OtherTag ID="BT14" LABEL="MusicZone" DESCRIPTION="block type MusicZone"/><OtherTag ID="BT15" LABEL="NumberingZone" DESCRIPTION="block type NumberingZone"/><OtherTag ID="BT17" LABEL="QuireMarksZone" DESCRIPTION="block type QuireMarksZone"/><OtherTag ID="BT18" LABEL="RunningTitleZone" DESCRIPTION="block type RunningTitleZone"/><OtherTag ID="BT19" LABEL="SealZone" DESCRIPTION="block type SealZone"/><OtherTag ID="BT20" LABEL="StampZone" DESCRIPTION="block type StampZone"/><OtherTag ID="BT21" LABEL="TableZone" DESCRIPTION="block type TableZone"/><OtherTag ID="BT22" LABEL="TitlePageZone" DESCRIPTION="block type TitlePageZone"/><OtherTag ID="BT560" LABEL="text" DESCRIPTION="block type text"/>
    <OtherTag ID="LT7" LABEL="CustomLine" DESCRIPTION="line type CustomLine"/><OtherTag ID="LT8" LABEL="DefaultLine" DESCRIPTION="line type DefaultLine"/><OtherTag ID="LT9" LABEL="DropCapitalLine" DESCRIPTION="line type DropCapitalLine"/><OtherTag ID="LT10" LABEL="HeadingLine" DESCRIPTION="line type HeadingLine"/><OtherTag ID="LT11" LABEL="InterlinearLine" DESCRIPTION="line type InterlinearLine"/><OtherTag ID="LT12" LABEL="MusicLine" DESCRIPTION="line type MusicLine"/><OtherTag ID="LT334" LABEL="default" DESCRIPTION="line type default"/>
  </Tags>
  <Layout>
    <Page WIDTH="2508"
          HEIGHT="2479"
          PHYSICAL_IMG_NR="8"
          ID="eSc_dummypage_">
      <PrintSpace HPOS="0"
                  VPOS="0"
                  WIDTH="2508"
                  HEIGHT="2479">
        <TextBlock HPOS="49"
                   VPOS="0"
                   WIDTH="2337"
                   HEIGHT="2378"
                   ID="eSc_textblock_63db4d97"
                   TAGREFS="BT560">
          <Shape><Polygon POINTS="559 0 2381 0 2386 218 2370 279 2326 318 2182 351 1997 356 1957 378 1908 367 1786 413 1820 446 2144 446 2205 429 2353 479 2386 517 2381 1844 2375 2047 2348 2087 2353 2130 2364 2115 2386 2142 2370 2279 1979 2323 1491 2317 1392 2328 1324 2378 1039 2378 966 2323 895 2301 776 2312 758 2295 429 2290 396 2273 407 2137 352 2087 358 2032 400 2032 418 1987 396 1911 374 1910 407 1893 413 1862 319 1838 318 1855 231 1871 318 1900 252 1928 268 1955 252 1970 198 1965 181 1900 198 1823 307 1845 308 1834 417 1834 424 1812 214 1811 108 1706 49 1695 49 1481 77 1458 77 1421 66 1441 55 1419 77 1371 49 1348 49 1261 66 1217 97 1228 92 1260 108 1261 104 1228 132 1211 462 1199 462 1085 440 1046 501 918 484 875 523 676 523 528 561 422 559 0"/></Shape>
          <TextLine ID="eSc_line_3b74464d"
                    TAGREFS="LT334"
                    BASELINE="577 30 2031 27 2374 42" 
                    HPOS="575"
                    VPOS="1"
                    WIDTH="1799"
                    HEIGHT="54">
            <Shape><Polygon POINTS="2159 1 2145 1 2132 1 2118 1 2104 1 2090 1 2076 1 2063 1 2049 1 2035 1 2021 1 2008 1 1994 1 1987 1 1965 6 1963 8 1798 8 1795 6 1778 1 1773 1 1760 1 1746 1 1732 1 1718 1 1705 1 1691 1 1677 1 1665 1 1634 6 1629 6 1618 6 1553 1 1553 1 1539 1 1526 1 1512 1 1498 1 1484 1 1470 1 1457 1 1447 1 1433 5 1432 6 1429 5 1417 1 1415 1 1402 1 1388 1 1374 1 1360 1 1346 1 1333 1 1319 1 1313 1 1296 5 1290 6 1279 5 1240 1 1236 1 1223 1 1209 1 1195 1 1194 1 1165 5 1155 6 1141 5 1100 1 1099 1 1085 1 1071 1 1061 1 1050 5 1046 8 979 8 975 5 964 1 961 1 947 1 940 1 924 5 915 8 841 8 837 5 826 1 823 1 809 1 796 1 782 1 768 1 754 1 740 1 727 1 718 1 577 4 577 30 575 48 621 53 622 53 652 49 684 44 703 49 718 53 720 53 721 53 723 53 732 49 751 41 783 49 794 52 796 52 797 52 812 49 851 41 928 49 931 49 932 49 933 49 990 41 1023 49 1031 52 1032 52 1034 52 1035 52 1041 50 1063 42 1112 48 1114 48 1154 41 1227 50 1242 52 1243 52 1254 50 1307 41 1499 41 1557 52 1563 52 1564 52 1565 52 1568 52 1603 41 1658 41 1689 52 1694 53 1695 53 1696 53 1706 52 1761 41 1862 52 1874 53 1875 55 2158 55 2158 53 2159 53 2184 44 2371 53 2374 42 2373 8 2193 8 2192 6 2160 1 2159 1"/></Shape>
	    <String CONTENT="Vout du no Jle de fean ce vulitudd la dredrepfructi on"
                    HPOS="575"
                    VPOS="1"
                    WIDTH="1799"
                    HEIGHT="54"
                    WC="0.9707624360367104"></String>
          </TextLine>
          <TextLine ID="eSc_line_573b9f81"
                    TAGREFS="LT334"
                    BASELINE="567 101 1666 81 2339 90" 
                    HPOS="566"
                    VPOS="39"
                    WIDTH="1773"
                    HEIGHT="95">
            <Shape><Polygon POINTS="567 101 567 134 687 133 688 133 734 118 767 126 768 126 769 126 849 123 921 108 986 123 987 123 988 123 1041 104 1125 114 1126 114 1207 107 1247 117 1249 117 1250 117 1251 117 1289 100 1444 106 1475 119 1476 119 1486 121 1535 125 1537 125 1538 125 1557 119 1643 96 1702 96 1955 96 2020 112 2050 119 2052 119 2173 115 2174 115 2189 110 2222 99 2337 107 2339 90 2338 55 2276 44 2275 44 2273 44 2251 55 2251 56 2211 56 2162 56 2118 41 2116 41 2115 41 2114 41 2076 56 2076 57 1969 57 1968 57 1892 45 1890 45 1789 59 1750 52 1749 52 1747 52 1727 57 1684 39 1683 39 1570 39 1568 39 1567 39 1508 61 1455 41 1454 41 1453 41 1370 42 1369 42 1338 53 1271 42 1269 42 1202 44 1200 44 1129 66 1066 46 1064 46 1010 45 1009 45 1008 45 937 63 921 57 920 57 918 57 884 64 844 48 842 48 793 48 791 48 790 48 743 70 641 70 607 61 605 61 604 61 603 61 566 71 567 101"/></Shape>
	    <String CONTENT="aie Sepet de la République Fagaise et a digné les"
                    HPOS="566"
                    VPOS="39"
                    WIDTH="1773"
                    HEIGHT="95"
                    WC="0.979736403543122"></String>
          </TextLine>
          <TextLine ID="eSc_line_b3dc26c3"
                    TAGREFS="LT334"
                    BASELINE="570 172 1137 162 1371 150 2338 137" 
                    HPOS="568"
                    VPOS="93"
                    WIDTH="1770"
                    HEIGHT="98">
            <Shape><Polygon POINTS="570 172 570 191 716 188 717 188 718 188 749 179 774 187 775 187 776 187 778 187 910 185 911 185 915 183 933 174 961 183 964 183 965 183 966 183 987 181 1060 176 1104 179 1144 181 1145 181 1185 177 1282 163 1480 162 1497 169 1499 170 1501 170 1502 170 1510 169 1546 159 1757 158 1808 162 1896 169 1897 170 1959 170 1959 169 1961 169 1983 161 2003 168 2005 168 2006 168 2138 166 2192 154 2246 158 2247 158 2337 148 2338 137 2334 99 2250 108 2227 100 2207 93 2206 93 2205 93 2203 93 2173 101 2143 111 2043 111 2027 104 2021 103 2020 103 2019 103 2006 106 1969 112 1936 107 1878 96 1811 96 1809 96 1706 103 1705 103 1684 111 1672 117 1641 112 1616 110 1615 110 1583 114 1542 119 1506 115 1407 104 1406 104 1374 111 1352 106 1351 106 1349 106 1287 121 1271 123 1251 121 1198 112 1196 112 1195 112 1156 123 1147 125 1134 123 1104 119 1103 119 1075 125 1066 126 1061 125 1039 115 1038 115 1037 115 1035 115 1002 126 998 128 994 126 954 110 953 110 951 110 834 111 833 111 793 129 757 114 756 114 681 114 680 114 568 134 570 172"/></Shape>
	    <String CONTENT="deux Musuttes des Frésente Sur V&#x27;unes desquella"
                    HPOS="568"
                    VPOS="93"
                    WIDTH="1770"
                    HEIGHT="98"
                    WC="0.9924658574956529"></String>
          </TextLine>
          <TextLine ID="eSc_line_26a3b35a"
                    TAGREFS="LT334"
                    BASELINE="568 242 1211 231 1683 234 1943 218 2362 210" 
                    HPOS="567"
                    VPOS="163"
                    WIDTH="1795"
                    HEIGHT="102">
            <Shape><Polygon POINTS="568 242 568 264 628 265 629 265 640 264 687 253 735 261 736 261 738 261 739 261 790 252 823 258 824 258 826 258 862 249 891 257 892 257 893 257 895 257 935 247 1017 253 1019 253 1145 246 1166 253 1167 253 1169 253 1234 243 1373 250 1380 250 1381 250 1386 250 1430 245 1451 249 1481 256 1483 256 1531 247 1543 246 1556 247 1601 253 1603 253 1771 250 1772 250 1791 243 1820 249 1822 249 1823 249 1846 242 1873 235 1902 241 1935 247 1936 247 1983 241 2032 247 2034 247 2160 245 2162 245 2195 236 2225 228 2359 232 2362 210 2359 165 2126 163 2125 163 2123 163 2094 170 2031 187 1977 174 1943 166 1941 166 1940 166 1903 176 1846 191 1572 194 1524 185 1506 183 1505 183 1481 187 1462 190 1450 187 1400 174 1399 174 1397 174 1359 176 1357 176 1320 191 1311 194 1276 191 1262 191 1232 177 1231 177 1229 177 1030 180 1028 180 988 199 981 203 926 203 917 201 877 188 875 188 874 188 873 188 841 202 836 206 732 206 727 206 661 190 659 190 567 209 568 242"/></Shape>
	    <String CONTENT="Demeurée à Duraut l&#x27;un des notaii deussigné eot"
                    HPOS="567"
                    VPOS="163"
                    WIDTH="1795"
                    HEIGHT="102"
                    WC="0.970963995507423"></String>
          </TextLine>
          <TextLine ID="eSc_line_a71c5147"
                    TAGREFS="LT334"
                    BASELINE="564 291 1706 289 2116 275 2323 275" 
                    HPOS="563"
                    VPOS="232"
                    WIDTH="1760"
                    HEIGHT="83">
            <Shape><Polygon POINTS="564 291 564 308 796 315 797 315 798 315 812 308 823 302 889 302 904 308 911 311 913 311 914 311 987 308 1121 302 1141 308 1158 312 1159 312 1161 312 1162 312 1180 308 1192 305 1213 308 1247 312 1249 312 1278 308 1324 300 1407 308 1447 311 1448 311 1450 311 1459 307 1477 300 1579 300 1605 307 1615 309 1616 309 1618 311 1747 311 1747 309 1815 308 1816 308 1822 307 1855 297 1881 307 1885 308 1886 308 1888 308 1889 308 1896 307 1932 296 2023 296 2122 296 2171 307 2177 307 2178 307 2180 307 2182 307 2225 294 2322 305 2323 275 2320 232 2200 234 2199 234 2160 247 2136 239 2134 239 2133 239 2083 252 2038 252 1992 235 1986 234 1984 234 1983 234 1783 235 1760 239 1678 253 1605 245 1604 245 1603 245 1583 254 1517 254 1395 243 1324 238 1323 238 1322 238 1297 245 1253 257 1063 257 1045 247 1041 246 1039 246 1038 246 1037 246 1030 247 1005 254 980 249 946 241 944 241 885 250 878 250 874 250 840 242 838 242 801 250 780 256 765 252 750 246 749 246 747 246 710 252 667 258 563 254 564 291"/></Shape>
	    <String CONTENT="¬euit, Conttolé au Toit n° le 1 fuic s dor au 1/ R."
                    HPOS="563"
                    VPOS="232"
                    WIDTH="1760"
                    HEIGHT="83"
                    WC="0.9654483584796681"></String>
          </TextLine>
          <TextLine ID="eSc_line_b975f52f"
                    TAGREFS="LT334"
                    BASELINE="564 334 998 344 1717 344" 
                    HPOS="564"
                    VPOS="297"
                    WIDTH="1153"
                    HEIGHT="73">
            <Shape><Polygon POINTS="564 334 564 366 643 366 643 364 644 364 645 364 663 352 869 353 896 363 907 366 908 366 910 366 954 362 1005 358 1015 362 1027 367 1028 367 1030 367 1078 362 1116 356 1123 360 1132 367 1133 367 1134 367 1136 369 1195 369 1195 367 1196 367 1211 360 1221 356 1238 360 1275 369 1276 369 1278 369 1279 369 1291 359 1297 356 1315 359 1338 363 1340 363 1377 359 1399 356 1406 359 1430 369 1432 369 1486 370 1487 370 1576 358 1578 358 1610 358 1683 358 1696 366 1698 366 1699 366 1700 367 1700 366 1702 366 1703 366 1716 356 1717 344 1716 319 1599 319 1597 318 1568 307 1567 307 1565 307 1514 316 1472 302 1470 302 1469 302 1468 302 1466 302 1447 315 1348 301 1253 301 1251 301 1250 301 1249 301 1231 315 1185 315 1156 300 1155 300 1154 300 1152 300 1101 315 1093 315 973 315 946 300 944 300 943 300 942 300 925 309 910 298 908 298 907 298 811 298 809 298 808 298 807 298 783 314 761 314 699 297 698 297 696 297 636 309 612 300 611 300 610 300 608 300 564 312 564 334"/></Shape>
	    <String CONTENT="amille firres Si fné Marchaudire."
                    HPOS="564"
                    VPOS="297"
                    WIDTH="1153"
                    HEIGHT="73"
                    WC="0.9720264402302828"></String>
          </TextLine>
          <TextLine ID="eSc_line_0a248719"
                    TAGREFS="LT334"
                    BASELINE="858 439 1692 442" 
                    HPOS="856"
                    VPOS="380"
                    WIDTH="836"
                    HEIGHT="82">
            <Shape><Polygon POINTS="858 439 856 450 942 458 943 458 1013 453 1035 451 1048 453 1090 461 1092 461 1093 461 1116 454 1126 451 1134 454 1152 461 1154 461 1275 462 1276 462 1278 462 1279 462 1286 457 1289 455 1301 457 1355 462 1356 462 1357 462 1374 457 1392 453 1437 458 1462 461 1464 461 1465 461 1469 458 1483 453 1599 453 1618 461 1622 462 1623 462 1625 462 1691 461 1692 442 1691 407 1524 407 1514 402 1506 398 1505 398 1503 398 1486 400 1484 400 1454 381 1453 381 1451 381 1429 381 1428 381 1426 381 1425 381 1406 398 1402 402 1393 398 1386 395 1385 395 1384 395 1382 395 1377 398 1356 406 1333 396 1298 381 1297 381 1296 381 1294 381 1271 393 1254 403 1242 398 1240 398 1239 398 1238 398 1236 398 1228 404 1185 404 1145 393 1141 391 1132 381 1132 380 1130 380 1129 380 1127 380 1126 380 1104 389 1067 404 1004 386 980 380 979 380 977 380 858 381 858 439"/></Shape>
	    <String CONTENT="Suit. la teneur Eve l&#x27;annexe "
                    HPOS="856"
                    VPOS="380"
                    WIDTH="836"
                    HEIGHT="82"
                    WC="0.954981445238508"></String>
          </TextLine>
          <TextLine ID="eSc_line_c315d28e"
                    TAGREFS="LT334"
                    BASELINE="563 548 957 541 1567 548 2093 538 2375 539" 
                    HPOS="561"
                    VPOS="479"
                    WIDTH="1814"
                    HEIGHT="89">
            <Shape><Polygon POINTS="2367 498 2306 494 2273 479 2272 479 2087 479 2086 479 1988 502 1980 504 1968 502 1903 494 1902 494 1853 504 1824 509 1809 504 1743 480 1742 480 1740 480 1523 482 1521 482 1433 508 1421 512 1297 512 1287 509 1257 498 1256 498 1254 498 1253 498 1228 509 1221 513 1137 513 1129 510 1078 497 1077 497 1075 497 995 506 943 498 942 498 940 498 900 510 863 501 862 501 860 501 859 501 840 509 787 493 786 493 785 493 673 515 561 515 563 548 563 568 721 568 721 567 723 567 724 567 742 560 764 566 765 566 767 566 768 566 796 556 815 564 816 564 818 564 860 555 928 564 929 564 987 553 1264 553 1301 564 1308 566 1309 566 1311 566 1389 564 1391 564 1395 563 1425 553 1464 563 1472 564 1473 566 1655 566 1655 564 1674 561 1729 553 1871 560 1919 563 1921 563 1970 560 2061 555 2082 560 2090 561 2092 561 2093 561 2094 561 2100 560 2123 549 2149 556 2151 556 2152 556 2238 549 2373 557 2375 539 2374 506 2367 498"/></Shape>
	    <String CONTENT="Pardevant nons Denis Lois Buraus notair Fublic"
                    HPOS="561"
                    VPOS="479"
                    WIDTH="1814"
                    HEIGHT="89"
                    WC="0.9531921277875486"></String>
          </TextLine>
          <TextLine ID="eSc_line_d6794b3d"
                    TAGREFS="LT334"
                    BASELINE="549 604 1031 596 1546 603 2342 597" 
                    HPOS="548"
                    VPOS="549"
                    WIDTH="1794"
                    HEIGHT="80">
            <Shape><Polygon POINTS="549 604 549 629 659 628 661 628 713 612 848 619 849 619 851 619 880 611 1108 616 1110 616 1231 610 1287 619 1289 619 1364 610 1490 625 1491 625 1492 625 1494 625 1604 610 1645 623 1647 623 1648 623 1779 614 1915 622 1917 622 1987 608 2053 622 2054 622 2056 622 2229 612 2339 621 2342 597 2339 568 2211 557 2210 557 2181 563 2147 549 2145 549 2144 549 2143 549 2118 557 2059 549 2057 549 2056 549 2017 567 2013 570 1862 570 1856 567 1812 550 1811 550 1809 550 1703 564 1666 550 1665 550 1663 550 1662 550 1621 566 1610 570 1506 570 1499 566 1466 552 1465 552 1411 552 1410 552 1408 552 1360 566 1338 571 1265 566 1231 563 1229 563 1213 566 1169 572 1141 566 1101 553 1100 553 1001 553 999 553 998 553 972 563 948 553 947 553 873 553 871 553 870 553 848 564 841 564 783 560 782 560 780 560 771 564 749 574 723 564 703 557 702 557 701 557 665 564 654 566 640 564 589 556 588 556 548 563 549 604"/></Shape>
	    <String CONTENT="à l&#x27;isle de france Soussignés et les Tounoins Cefapies"
                    HPOS="548"
                    VPOS="549"
                    WIDTH="1794"
                    HEIGHT="80"
                    WC="0.9835372225002006"></String>
          </TextLine>
          <TextLine ID="eSc_line_4a69263a"
                    TAGREFS="LT334"
                    BASELINE="539 673 2064 667 2364 680" 
                    HPOS="538"
                    VPOS="623"
                    WIDTH="1826"
                    HEIGHT="83">
            <Shape><Polygon POINTS="539 673 539 705 630 683 683 684 731 705 734 705 735 705 736 706 915 706 915 705 917 705 922 703 968 687 1072 701 1074 701 1162 683 1251 681 1284 692 1286 692 1287 692 1289 692 1333 681 1413 681 1505 695 1506 696 1552 696 1552 695 1553 695 1603 681 1651 688 1652 688 1688 681 1757 685 1784 698 1798 703 1800 703 1801 703 1952 699 1954 699 1962 696 2010 680 2137 680 2207 695 2228 699 2229 699 2231 699 2243 695 2262 688 2280 695 2297 701 2298 701 2300 701 2363 694 2364 680 2363 644 2199 644 2198 643 2145 628 2144 628 2143 628 2085 640 1976 643 1917 644 1904 643 1824 629 1823 629 1822 629 1776 643 1769 645 1728 645 1718 643 1673 632 1672 632 1623 637 1592 623 1590 623 1396 623 1395 623 1393 623 1352 640 1316 634 1315 634 1269 641 1246 645 1232 641 1194 630 1192 630 1110 625 1108 625 1107 625 1081 633 1009 625 1008 625 926 641 924 641 921 641 858 625 856 625 855 625 822 626 820 626 785 641 774 645 703 641 626 636 625 636 538 640 539 673"/></Shape>
	    <String CONTENT="nomer et fut Fréseute et let Toiirs ex ayarèr namamies"
                    HPOS="538"
                    VPOS="623"
                    WIDTH="1826"
                    HEIGHT="83"
                    WC="0.9651454681599582"></String>
          </TextLine>
          <TextLine ID="eSc_line_ada483cf"
                    TAGREFS="LT334"
                    BASELINE="531 756 1495 749 2151 751 2290 758" 
                    HPOS="530"
                    VPOS="694"
                    WIDTH="1760"
                    HEIGHT="89">
            <Shape><Polygon POINTS="531 756 531 783 739 782 740 782 794 767 833 776 834 776 836 776 893 764 970 768 994 779 995 779 997 779 998 779 1023 769 1074 775 1075 775 1077 775 1111 762 1346 762 1381 778 1382 778 1384 778 1418 771 1458 778 1459 778 1521 765 1587 773 1589 773 1590 773 1621 761 1725 773 1727 773 1845 764 1886 772 1888 772 2016 771 2017 771 2043 760 2115 760 2196 778 2198 779 2289 779 2290 758 2289 716 2192 694 2191 694 2042 716 1995 716 1952 701 1951 701 1950 701 1893 712 1841 701 1840 701 1735 712 1703 701 1702 701 1700 701 1655 705 1603 695 1601 695 1600 695 1542 717 1510 717 1509 717 1453 709 1451 709 1389 717 1337 696 1335 696 1216 696 1214 696 1136 714 1070 696 1068 696 1021 696 1020 696 970 698 885 720 714 720 656 698 655 698 588 698 586 698 585 698 530 718 531 756"/></Shape>
	    <String CONTENT="fitoyene Su le Vitot née à Colonbe dont Ls de"
                    HPOS="530"
                    VPOS="694"
                    WIDTH="1760"
                    HEIGHT="89"
                    WC="0.9821078141530355"></String>
          </TextLine>
          <TextLine ID="eSc_line_77a0cd14"
                    TAGREFS="LT334"
                    BASELINE="527 833 1071 820 2373 826" 
                    HPOS="526"
                    VPOS="768"
                    WIDTH="1847"
                    HEIGHT="83">
            <Shape><Polygon POINTS="527 833 526 851 775 851 775 849 782 849 889 831 920 841 921 841 922 841 924 841 953 831 1004 831 1052 845 1053 845 1054 845 1107 834 1176 842 1177 842 1178 842 1214 831 1355 831 1378 841 1380 841 1381 841 1462 833 1498 845 1499 845 1501 845 1502 845 1538 831 1616 838 1618 838 1681 833 1705 841 1706 841 1707 841 1750 833 1908 844 1992 849 1994 849 2028 844 2090 831 2138 842 2140 842 2141 842 2143 842 2184 834 2225 842 2229 842 2231 842 2232 842 2233 842 2260 835 2283 842 2298 846 2300 846 2301 846 2371 841 2373 826 2371 789 2203 785 2167 768 2166 768 2165 768 2163 768 2093 787 2024 779 2023 779 1936 787 1790 785 1713 768 1543 768 1542 768 1487 778 1289 768 1287 768 1228 779 1165 769 1163 769 1035 785 959 768 958 768 957 768 881 789 681 789 618 773 617 773 615 773 575 789 527 789 527 833"/></Shape>
	    <String CONTENT="affranchie Par le C^e Sanson if Dimeuranté en Cetidviles"
                    HPOS="526"
                    VPOS="768"
                    WIDTH="1847"
                    HEIGHT="83"
                    WC="0.9679690578154155"></String>
          </TextLine>
          <TextLine ID="eSc_line_612d751a"
                    TAGREFS="LT334"
                    BASELINE="521 892 1094 886 1359 897 2377 897" 
                    HPOS="520"
                    VPOS="840"
                    WIDTH="1857"
                    HEIGHT="81">
            <Shape><Polygon POINTS="521 892 521 906 625 906 639 907 714 919 716 921 798 921 798 919 800 919 824 908 833 906 859 908 899 914 900 914 922 910 942 906 1042 906 1056 910 1066 914 1067 914 1068 914 1070 914 1078 911 1089 906 1221 906 1242 911 1250 914 1251 914 1253 914 1331 913 1444 910 1455 914 1473 919 1475 919 1476 919 1583 914 1652 911 1772 915 1812 917 1813 917 1815 917 1817 915 1838 908 1875 917 1879 917 1881 917 1889 917 1946 911 2072 918 2111 919 2112 919 2114 919 2118 918 2144 910 2374 919 2377 897 2375 864 2097 864 2059 851 2057 851 2056 851 1973 860 1929 848 1928 848 1926 848 1878 853 1848 842 1846 842 1797 841 1795 841 1794 841 1728 864 1550 864 1495 840 1494 840 1492 840 1399 848 1349 840 1194 840 1192 840 1191 840 1154 851 1125 841 1123 841 1045 840 1043 840 953 848 900 842 899 842 897 842 862 859 823 860 680 841 678 841 677 841 614 863 520 864 521 892"/></Shape>
	    <String CONTENT="au Camp Dir Guit Libtes Dansune Maison appartetsant"
                    HPOS="520"
                    VPOS="840"
                    WIDTH="1857"
                    HEIGHT="81"
                    WC="0.9596680204073588"></String>
          </TextLine>
          <TextLine ID="eSc_line_c80ae5d1"
                    TAGREFS="LT334"
                    BASELINE="515 965 1141 961 2368 979" 
                    HPOS="513"
                    VPOS="908"
                    WIDTH="1855"
                    HEIGHT="87">
            <Shape><Polygon POINTS="515 965 513 975 706 983 707 983 807 979 900 975 917 980 931 984 932 984 933 984 935 984 948 980 970 973 1114 973 1145 983 1165 987 1166 987 1167 987 1169 987 1185 983 1214 976 1275 976 1377 977 1392 986 1397 987 1399 987 1400 987 1402 987 1407 986 1425 979 1455 986 1469 988 1470 988 1486 986 1514 981 1548 987 1583 992 1720 994 1721 994 1751 990 1772 986 1795 990 1829 995 1830 995 1935 991 2097 984 2152 992 2154 992 2206 986 2235 994 2236 994 2238 994 2239 994 2253 988 2366 995 2368 979 2368 950 2309 935 2308 935 2306 935 2255 947 2170 936 2169 936 2125 944 2070 925 2068 925 2067 925 2014 929 2013 929 1977 944 1830 944 1767 919 1765 919 1691 918 1645 918 1644 918 1643 918 1600 931 1524 928 1501 917 1499 917 1298 915 1297 915 1296 915 1267 928 1166 936 1121 922 1119 922 1118 922 1056 935 844 926 842 926 811 932 750 914 749 914 625 908 623 908 622 908 552 931 515 931 515 965"/></Shape>
	    <String CONTENT="al a Citoyenne maison Mora cir, Trouvie Par nous dan"
                    HPOS="513"
                    VPOS="908"
                    WIDTH="1855"
                    HEIGHT="87"
                    WC="0.9789094374730036"></String>
          </TextLine>
          <TextLine ID="eSc_line_30a748f9"
                    TAGREFS="LT334"
                    BASELINE="504 1019 1323 1015 2355 1041" 
                    HPOS="502"
                    VPOS="970"
                    WIDTH="1853"
                    HEIGHT="90">
            <Shape><Polygon POINTS="504 1019 502 1035 663 1037 665 1037 724 1027 837 1041 845 1041 847 1041 851 1041 893 1031 994 1035 995 1035 1028 1028 1070 1043 1071 1043 1155 1045 1156 1045 1158 1045 1159 1045 1202 1028 1238 1028 1327 1028 1371 1039 1373 1039 1502 1032 1846 1035 1926 1053 1928 1053 2028 1043 2081 1057 2082 1057 2083 1057 2085 1057 2089 1057 2140 1048 2173 1059 2174 1059 2176 1059 2352 1060 2355 1041 2353 1005 2246 1003 2246 1002 2220 992 2218 992 2217 992 2166 1001 2158 1002 2148 1001 2049 986 2047 986 1838 991 1783 983 1782 983 1713 995 1699 997 1694 994 1667 983 1666 983 1665 983 1610 990 1542 979 1468 979 1466 979 1465 979 1430 990 1399 977 1397 977 1261 976 1260 976 1176 987 1148 990 893 987 884 983 855 970 853 970 852 970 851 970 819 981 809 986 736 986 724 980 703 972 702 972 701 972 699 972 676 979 663 983 504 977 504 1019"/></Shape>
	    <String CONTENT="an Vavtillion à yau che en cntrant Molade de Corps."
                    HPOS="502"
                    VPOS="970"
                    WIDTH="1853"
                    HEIGHT="90"
                    WC="0.9858210051760954"></String>
          </TextLine>
          <TextLine ID="eSc_line_b75c4fa5"
                    TAGREFS="LT334"
                    BASELINE="495 1092 783 1082 1523 1079 1896 1085 2114 1097 2350 1101" 
                    HPOS="494"
                    VPOS="1028"
                    WIDTH="1856"
                    HEIGHT="84">
            <Shape><Polygon POINTS="495 1092 494 1108 897 1093 943 1101 944 1101 1021 1094 1070 1107 1071 1107 1072 1108 1072 1107 1074 1107 1122 1094 1163 1094 1202 1107 1203 1107 1205 1107 1206 1107 1236 1094 1414 1094 1455 1111 1457 1111 1458 1112 1505 1112 1505 1111 1506 1111 1549 1094 1749 1094 1834 1111 1835 1111 1837 1111 1838 1111 1895 1097 1963 1111 1965 1111 1966 1112 2349 1112 2350 1101 2349 1057 1944 1056 1937 1053 1866 1030 1864 1030 1740 1030 1739 1030 1738 1030 1689 1050 1677 1056 1541 1049 1468 1046 1396 1030 1395 1030 1242 1037 1180 1030 1178 1030 1075 1043 1037 1030 1035 1030 852 1028 851 1028 786 1037 785 1037 771 1042 742 1054 691 1042 678 1039 677 1039 676 1039 669 1042 637 1056 599 1056 567 1041 550 1034 549 1034 548 1034 495 1039 495 1092"/></Shape>
	    <String CONTENT="Couché Surdom lit, Mair dain d&#x27;Aprit, memoird et"
                    HPOS="494"
                    VPOS="1028"
                    WIDTH="1856"
                    HEIGHT="84"
                    WC="0.974239643663168"></String>
          </TextLine>
          <TextLine ID="eSc_line_ef7a7da7"
                    TAGREFS="LT334"
                    BASELINE="497 1151 994 1143 1835 1149 2355 1184" 
                    HPOS="495"
                    VPOS="1097"
                    WIDTH="1860"
                    HEIGHT="94">
            <Shape><Polygon POINTS="497 1151 495 1156 669 1165 670 1165 672 1165 683 1160 699 1154 717 1160 725 1165 727 1165 808 1167 809 1167 858 1163 976 1154 1020 1167 1032 1170 1034 1170 1035 1170 1068 1167 1105 1165 1144 1169 1177 1173 1178 1173 1180 1173 1191 1170 1218 1162 1291 1172 1323 1176 1324 1176 1351 1173 1419 1165 1446 1173 1447 1173 1448 1173 1576 1163 1625 1178 1632 1180 1633 1180 1634 1180 1645 1178 1711 1166 1921 1167 1970 1180 1972 1180 1973 1180 2008 1170 2047 1181 2049 1181 2050 1181 2132 1176 2174 1188 2180 1189 2181 1189 2352 1191 2355 1184 2355 1136 2218 1133 2158 1116 2156 1116 2155 1116 2013 1121 1999 1114 1998 1114 1997 1114 1904 1118 1840 1111 1838 1111 1731 1119 1666 1111 1665 1111 1592 1122 1552 1111 1550 1111 1549 1111 1501 1122 1498 1122 1494 1122 1444 1108 1443 1108 1441 1108 1371 1118 1319 1103 1318 1103 1316 1103 1245 1118 1242 1118 1238 1118 1151 1105 1150 1105 1148 1105 1125 1115 1070 1115 1037 1100 1035 1100 1034 1100 981 1111 889 1101 888 1101 886 1101 858 1111 768 1111 707 1097 706 1097 651 1108 650 1108 497 1107 497 1151"/></Shape>
	    <String CONTENT="entendement ainsy quil nous est apopetrée Par des dit cours"
                    HPOS="495"
                    VPOS="1097"
                    WIDTH="1860"
                    HEIGHT="94"
                    WC="0.9805958604408522"></String>
          </TextLine>
          <TextLine ID="eSc_line_b5a8b51e"
                    TAGREFS="LT334"
                    BASELINE="512 1225 1849 1213" 
                    HPOS="510"
                    VPOS="1162"
                    WIDTH="1339"
                    HEIGHT="91">
            <Shape><Polygon POINTS="512 1225 512 1253 723 1250 724 1250 767 1236 873 1246 874 1246 964 1232 1081 1232 1105 1246 1107 1246 1108 1246 1110 1247 1141 1247 1141 1246 1143 1246 1188 1229 1254 1229 1283 1243 1284 1243 1286 1243 1287 1243 1304 1236 1326 1243 1327 1243 1329 1243 1330 1243 1331 1243 1355 1228 1417 1228 1446 1236 1447 1236 1448 1236 1450 1236 1465 1231 1499 1243 1501 1243 1502 1245 1530 1245 1549 1245 1549 1243 1550 1243 1713 1225 1750 1239 1751 1239 1753 1239 1754 1239 1797 1227 1845 1240 1849 1213 1846 1183 1735 1183 1733 1181 1710 1173 1709 1173 1707 1173 1706 1173 1678 1181 1672 1183 1663 1181 1603 1162 1601 1162 1600 1162 1519 1172 1491 1163 1490 1163 1403 1163 1402 1163 1400 1163 1363 1178 1362 1178 1333 1165 1331 1165 1330 1165 1282 1176 1234 1167 1232 1167 1172 1177 1103 1188 1082 1181 1081 1181 1079 1181 1020 1188 999 1177 998 1177 997 1177 995 1177 994 1177 975 1189 815 1189 769 1177 768 1177 767 1177 765 1177 732 1188 709 1174 706 1172 705 1172 703 1172 702 1172 701 1172 695 1173 673 1184 623 1173 614 1172 612 1172 510 1172 512 1225"/></Shape>
	    <String CONTENT="et entretieus ainsi qu&#x27;auf dins Tnnonrs."
                    HPOS="510"
                    VPOS="1162"
                    WIDTH="1339"
                    HEIGHT="91"
                    WC="0.9747558251023293"></String>
          </TextLine>
          <TextLine ID="eSc_line_bb85ac35"
                    TAGREFS="LT334"
                    BASELINE="121 1324 325 1306 515 1300 931 1304 1802 1289 2352 1294" 
                    HPOS="119"
                    VPOS="1235"
                    WIDTH="2233"
                    HEIGHT="99">
            <Shape><Polygon POINTS="121 1324 121 1334 253 1334 260 1334 417 1315 639 1315 680 1327 685 1329 687 1329 688 1330 793 1330 793 1329 826 1324 933 1311 1002 1322 1004 1322 1005 1322 1008 1322 1056 1312 1085 1320 1099 1324 1100 1324 1101 1326 1176 1326 1176 1324 1228 1319 1301 1309 1338 1316 1364 1322 1366 1322 1530 1319 1557 1313 1582 1308 1630 1312 1681 1316 1683 1316 1709 1311 1746 1301 2064 1300 2096 1304 2134 1311 2136 1311 2166 1305 2269 1313 2271 1313 2352 1300 2352 1294 2349 1254 2272 1254 2266 1254 2143 1235 2141 1235 2067 1236 2065 1236 2006 1256 1999 1258 1744 1258 1742 1257 1689 1243 1688 1243 1603 1240 1601 1240 1341 1243 1268 1257 1224 1245 1223 1245 1221 1245 1122 1257 1023 1247 1021 1247 957 1261 924 1269 625 1269 610 1264 596 1258 594 1258 512 1254 435 1254 433 1254 432 1254 406 1264 381 1275 315 1275 275 1265 249 1260 247 1260 119 1265 121 1324"/></Shape>
	    <String CONTENT="Heléue malobarde. Laquelle Craiouant d&#x27;étre Surprire Far la mort et"
                    HPOS="119"
                    VPOS="1235"
                    WIDTH="2233"
                    HEIGHT="99"
                    WC="0.9777770714083714"></String>
          </TextLine>
          <TextLine ID="eSc_line_fef2b8e0"
                    TAGREFS="LT334"
                    BASELINE="125 1378 279 1363 505 1352" 
                    HPOS="121"
                    VPOS="1308"
                    WIDTH="384"
                    HEIGHT="84">
            <Shape><Polygon POINTS="125 1378 125 1392 274 1371 286 1378 287 1379 289 1379 290 1379 291 1379 293 1379 304 1377 316 1373 322 1374 336 1379 337 1379 338 1379 340 1379 369 1370 382 1366 392 1367 411 1371 413 1371 414 1371 415 1371 424 1364 426 1362 504 1356 505 1352 501 1318 455 1319 425 1308 424 1308 422 1308 421 1308 420 1308 396 1323 395 1323 359 1319 358 1319 356 1319 340 1326 316 1315 315 1315 314 1315 312 1315 250 1333 247 1333 246 1333 209 1323 207 1323 206 1323 150 1326 148 1326 121 1338 125 1378"/></Shape>
	    <String CONTENT="Pour la Serven"
                    HPOS="121"
                    VPOS="1308"
                    WIDTH="384"
                    HEIGHT="84"
                    WC="0.9832151106425694"></String>
          </TextLine>
          <TextLine ID="eSc_line_633633b4"
                    TAGREFS="LT334"
                    BASELINE="534 1362 1070 1368 1750 1356 2334 1371" 
                    HPOS="533"
                    VPOS="1308"
                    WIDTH="1801"
                    HEIGHT="87">
            <Shape><Polygon POINTS="534 1362 533 1378 618 1388 619 1388 680 1381 703 1389 705 1389 706 1389 852 1382 884 1390 885 1390 886 1390 888 1390 922 1382 1041 1382 1070 1390 1071 1390 1072 1390 1074 1390 1108 1381 1114 1378 1377 1375 1392 1381 1415 1392 1417 1392 1418 1393 1487 1393 1487 1392 1488 1392 1513 1382 1523 1377 1567 1375 1593 1382 1634 1393 1636 1393 1637 1395 1760 1395 1760 1393 1761 1393 1784 1382 1795 1378 1809 1382 1813 1384 1815 1384 1816 1384 1823 1382 1853 1377 2023 1377 2049 1384 2071 1388 2072 1388 2096 1384 2126 1378 2331 1384 2334 1371 2333 1313 2222 1312 2221 1312 2220 1312 2213 1313 2156 1330 2140 1323 2138 1323 2137 1323 2078 1334 2025 1315 2020 1313 2019 1313 2017 1313 2001 1315 1983 1318 1979 1315 1969 1311 1968 1311 1966 1311 1965 1311 1946 1316 1902 1327 1863 1316 1842 1311 1841 1311 1655 1311 1654 1311 1652 1311 1626 1318 1604 1324 1589 1319 1567 1309 1565 1309 1481 1309 1480 1309 1479 1309 1455 1319 1447 1324 1253 1331 1228 1322 1206 1312 1205 1312 1161 1308 1159 1308 1158 1308 1103 1322 1071 1331 896 1331 873 1324 841 1315 840 1315 838 1315 794 1324 775 1329 534 1327 534 1362"/></Shape>
	    <String CONTENT="oubant Mettre ordée à ses affaires afait et ubus a dicté"
                    HPOS="533"
                    VPOS="1308"
                    WIDTH="1801"
                    HEIGHT="87"
                    WC="0.9843988791108131"></String>
          </TextLine>
          <TextLine ID="eSc_line_9f705924"
                    TAGREFS="LT334"
                    BASELINE="147 1415 201 1413" 
                    HPOS="145"
                    VPOS="1379"
                    WIDTH="56"
                    HEIGHT="61">
            <Shape><Polygon POINTS="195 1379 162 1392 145 1388 147 1415 148 1440 174 1430 198 1437 201 1413 195 1379"/></Shape>
	    <String CONTENT="et"
                    HPOS="145"
                    VPOS="1379"
                    WIDTH="56"
                    HEIGHT="61"
                    WC="0.997761458158493"></String>
          </TextLine>
          <TextLine ID="eSc_line_b0dea276"
                    TAGREFS="LT334"
                    BASELINE="225 1411 515 1390" 
                    HPOS="221"
                    VPOS="1353"
                    WIDTH="294"
                    HEIGHT="76">
            <Shape><Polygon POINTS="483 1353 479 1353 476 1356 453 1368 415 1368 404 1360 400 1357 393 1357 393 1359 389 1362 375 1375 358 1377 307 1377 293 1368 287 1366 286 1366 285 1366 221 1373 225 1411 227 1429 265 1418 290 1422 291 1422 293 1422 308 1415 318 1424 319 1424 320 1424 322 1424 323 1424 327 1422 362 1411 393 1418 398 1418 399 1418 400 1418 402 1418 402 1417 410 1410 515 1410 515 1390 509 1353 499 1359 493 1355 490 1353 483 1353"/></Shape>
	    <String CONTENT="Pour dar elle"
                    HPOS="221"
                    VPOS="1353"
                    WIDTH="294"
                    HEIGHT="76"
                    WC="0.9916199995921209"></String>
          </TextLine>
          <TextLine ID="eSc_line_2eaeae20"
                    TAGREFS="LT334"
                    BASELINE="129 1454 342 1440 760 1428 2019 1428" 
                    HPOS="128"
                    VPOS="1379"
                    WIDTH="1891"
                    HEIGHT="83">
            <Shape><Polygon POINTS="238 1411 224 1411 223 1410 196 1410 196 1414 183 1414 169 1415 155 1415 152 1410 128 1410 129 1454 130 1462 316 1462 316 1461 319 1461 396 1447 429 1459 431 1459 446 1461 516 1462 517 1462 527 1461 596 1443 740 1443 884 1443 924 1459 928 1461 929 1461 931 1461 944 1459 1048 1441 1130 1455 1132 1455 1133 1455 1159 1446 1228 1452 1229 1452 1272 1443 1302 1451 1304 1451 1305 1451 1363 1440 1408 1452 1410 1452 1411 1452 1413 1452 1448 1443 1487 1458 1488 1458 1490 1458 1491 1459 1658 1459 1658 1458 1665 1457 1742 1439 1784 1439 1849 1457 1851 1457 1852 1457 1853 1457 2016 1455 2019 1428 2017 1397 1947 1379 1946 1379 1838 1379 1837 1379 1835 1379 1782 1400 1776 1402 1761 1400 1731 1396 1729 1396 1659 1400 1621 1403 1605 1402 1564 1395 1563 1395 1561 1395 1537 1402 1528 1403 1517 1402 1419 1386 1418 1386 1318 1400 1287 1393 1286 1393 1284 1393 1227 1399 1154 1382 1085 1382 1083 1382 1082 1382 1052 1393 1023 1384 1021 1384 820 1384 819 1384 775 1390 694 1385 692 1385 691 1385 634 1400 604 1390 603 1390 601 1390 600 1390 560 1406 521 1395 520 1395 519 1395 517 1395 479 1407 436 1399 435 1399 373 1408 371 1410 243 1410 238 1411"/></Shape>
	    <String CONTENT="eu faite et disporeot à mot Sen Testament acuf qu&#x27;el siuit"
                    HPOS="128"
                    VPOS="1379"
                    WIDTH="1891"
                    HEIGHT="83"
                    WC="0.9770882170775841"></String>
          </TextLine>
          <TextLine ID="eSc_line_e0337822"
                    TAGREFS="LT334"
                    BASELINE="134 1501 381 1481 530 1477" 
                    HPOS="132"
                    VPOS="1441"
                    WIDTH="398"
                    HEIGHT="80">
            <Shape><Polygon POINTS="134 1501 136 1521 179 1512 249 1513 252 1513 253 1513 256 1513 307 1503 316 1509 323 1512 325 1512 326 1512 425 1505 426 1505 428 1505 428 1503 432 1501 439 1494 530 1492 530 1477 526 1448 444 1451 387 1441 385 1441 384 1441 349 1454 286 1452 285 1452 283 1452 282 1452 282 1454 271 1463 252 1452 250 1452 216 1452 214 1452 213 1452 212 1452 191 1469 132 1472 134 1501"/></Shape>
	    <String CONTENT="entonte Toprieté"
                    HPOS="132"
                    VPOS="1441"
                    WIDTH="398"
                    HEIGHT="80"
                    WC="0.9703887701034546"></String>
          </TextLine>
          <TextLine ID="eSc_line_adb94ffc"
                    TAGREFS="LT334"
                    BASELINE="669 1519 1709 1501 2362 1508" 
                    HPOS="667"
                    VPOS="1440"
                    WIDTH="1695"
                    HEIGHT="98">
            <Shape><Polygon POINTS="669 1519 669 1538 750 1536 751 1536 780 1524 833 1535 834 1535 882 1525 918 1532 920 1532 921 1532 964 1521 1024 1534 1026 1534 1027 1534 1077 1521 1183 1532 1184 1532 1225 1523 1243 1530 1245 1530 1246 1530 1247 1530 1265 1520 1374 1525 1375 1525 1377 1525 1404 1517 1468 1528 1469 1528 1470 1528 1502 1519 1542 1530 1545 1530 1546 1530 1548 1530 1549 1530 1550 1530 1590 1516 1705 1521 1706 1521 1707 1521 1728 1513 1893 1513 1929 1521 1930 1521 1932 1521 1933 1521 1954 1513 1988 1524 1990 1524 1991 1525 2129 1525 2129 1524 2130 1524 2134 1523 2174 1510 2231 1521 2238 1523 2239 1523 2360 1520 2362 1508 2360 1465 2275 1440 2273 1440 2140 1440 2138 1440 2065 1441 2064 1441 2017 1458 1914 1443 1913 1443 1911 1443 1835 1470 1834 1470 1827 1470 1640 1458 1638 1458 1578 1466 1488 1451 1487 1451 1417 1468 1279 1475 1202 1450 1200 1450 1115 1450 1114 1450 1112 1450 1089 1462 1066 1451 1064 1451 1063 1451 1015 1457 1013 1457 959 1479 957 1480 867 1480 866 1479 824 1469 823 1469 822 1469 800 1480 798 1481 667 1481 669 1519"/></Shape>
	    <String CONTENT="Le donne M Legué à Marie urancce Mafelle nolette"
                    HPOS="667"
                    VPOS="1440"
                    WIDTH="1695"
                    HEIGHT="98"
                    WC="0.9728105813264847"></String>
          </TextLine>
          <TextLine ID="eSc_line_ac0cacb8"
                    TAGREFS="LT334"
                    BASELINE="269 1592 644 1574 1519 1561 2364 1564" 
                    HPOS="268"
                    VPOS="1508"
                    WIDTH="2096"
                    HEIGHT="103">
            <Shape><Polygon POINTS="2327 1508 2326 1508 2309 1512 2243 1528 2173 1513 2160 1510 2159 1510 2140 1513 2028 1531 1965 1517 1915 1514 1860 1513 1859 1513 1846 1514 1768 1534 1710 1534 1659 1517 1652 1514 1651 1514 1592 1514 1590 1514 1574 1517 1545 1523 1505 1517 1486 1516 1484 1516 1483 1516 1476 1519 1418 1536 1289 1520 1287 1520 1286 1520 1284 1520 1217 1535 1177 1523 1176 1523 1174 1523 999 1541 882 1534 881 1534 842 1542 725 1536 724 1536 723 1536 702 1543 553 1541 486 1525 480 1525 479 1525 268 1527 269 1592 269 1611 487 1607 488 1607 567 1587 636 1604 637 1604 639 1604 732 1581 783 1590 785 1590 786 1590 815 1581 851 1592 852 1592 853 1592 913 1581 999 1597 1001 1597 1002 1597 1039 1587 1122 1596 1123 1596 1125 1596 1151 1586 1282 1586 1283 1586 1355 1575 1436 1593 1437 1593 1535 1574 1638 1572 1725 1587 1727 1587 1728 1587 1779 1572 1837 1581 1838 1581 1895 1570 2019 1585 2020 1585 2065 1576 2173 1583 2174 1583 2176 1583 2211 1575 2362 1589 2364 1564 2363 1512 2328 1508 2327 1508"/></Shape>
	    <String CONTENT="D ncouene emoz ain bogné et Soibir naalqaetré, Lrux lai"
                    HPOS="268"
                    VPOS="1508"
                    WIDTH="2096"
                    HEIGHT="103"
                    WC="0.9782405788248235"></String>
          </TextLine>
          <TextLine ID="eSc_line_16d8b584"
                    TAGREFS="LT334"
                    BASELINE="307 1665 323 1663" 
                    HPOS="304"
                    VPOS="1640"
                    WIDTH="21"
                    HEIGHT="63">
            <Shape><Polygon POINTS="307 1665 309 1699 325 1703 323 1663 319 1640 304 1640 307 1665"/></Shape>
	    <String CONTENT="4"
                    HPOS="304"
                    VPOS="1640"
                    WIDTH="21"
                    HEIGHT="63"
                    WC="0.9992522597312927"></String>
          </TextLine>
          <TextLine ID="eSc_line_5e8245cf"
                    TAGREFS="LT334"
                    BASELINE="442 1647 560 1640 1418 1623 2074 1625 2344 1634" 
                    HPOS="440"
                    VPOS="1572"
                    WIDTH="1904"
                    HEIGHT="90">
            <Shape><Polygon POINTS="442 1647 442 1660 538 1652 566 1662 568 1662 570 1662 571 1662 572 1662 575 1662 600 1655 818 1658 819 1658 907 1641 973 1651 975 1651 1024 1643 1060 1656 1061 1656 1063 1658 1072 1658 1116 1658 1116 1656 1118 1656 1161 1638 1287 1638 1330 1649 1331 1649 1333 1649 1334 1649 1355 1640 1439 1644 1440 1644 1494 1636 1955 1644 1957 1644 2013 1637 2043 1648 2045 1648 2046 1648 2047 1648 2096 1630 2167 1645 2169 1647 2344 1647 2344 1634 2341 1585 2247 1585 2246 1585 2167 1572 2166 1572 2165 1572 2126 1586 2119 1590 2038 1590 2023 1587 1952 1574 1951 1574 1890 1582 1813 1575 1812 1575 1811 1575 1780 1587 1711 1579 1710 1579 1656 1592 1651 1593 1647 1592 1601 1578 1600 1578 1492 1578 1491 1578 1367 1585 1319 1596 1311 1597 1300 1596 1239 1589 1238 1589 1147 1597 1116 1586 1115 1586 1042 1582 1041 1582 829 1601 826 1601 786 1585 785 1585 740 1585 739 1585 738 1585 666 1604 541 1604 510 1596 509 1596 508 1596 440 1605 442 1647"/></Shape>
	    <String CONTENT="lai fajrie et Doipnoer dsidite ideut Releu en Conte."
                    HPOS="440"
                    VPOS="1572"
                    WIDTH="1904"
                    HEIGHT="90"
                    WC="0.9653490455104754"></String>
          </TextLine>
          <TextLine ID="eSc_line_03a6c2db"
                    TAGREFS="LT334"
                    BASELINE="462 1716 654 1703 1312 1699 1829 1682 2366 1687" 
                    HPOS="461"
                    VPOS="1640"
                    WIDTH="1905"
                    HEIGHT="95">
            <Shape><Polygon POINTS="462 1716 462 1735 634 1733 636 1733 639 1732 688 1714 776 1725 778 1725 779 1725 836 1711 891 1711 922 1721 924 1721 925 1721 990 1710 1048 1720 1049 1720 1082 1714 1110 1724 1116 1727 1118 1727 1200 1728 1202 1728 1203 1728 1223 1722 1268 1709 1315 1721 1323 1722 1324 1722 1326 1722 1344 1720 1440 1706 1560 1716 1561 1716 1563 1716 1605 1703 1665 1714 1700 1721 1702 1721 1703 1721 1720 1714 1742 1703 1780 1700 1977 1699 2020 1709 2065 1718 2067 1718 2366 1702 2366 1687 2364 1649 2331 1640 2330 1640 2328 1640 2254 1651 2227 1640 2225 1640 2224 1640 2112 1652 1977 1647 1976 1647 1882 1655 1845 1641 1844 1641 1842 1641 1841 1641 1791 1656 1700 1648 1699 1648 1698 1648 1665 1658 1576 1641 1575 1641 1508 1654 1473 1644 1472 1644 1330 1644 1329 1644 1050 1665 975 1648 973 1648 833 1649 707 1667 684 1660 683 1660 681 1660 461 1671 462 1716"/></Shape>
	    <String CONTENT="Prapruite et Tvnme dre Chire lai appautenente a Comptes"
                    HPOS="461"
                    VPOS="1640"
                    WIDTH="1905"
                    HEIGHT="95"
                    WC="0.9702488780021667"></String>
          </TextLine>
          <TextLine ID="eSc_line_2efab9a9"
                    TAGREFS="LT334"
                    BASELINE="450 1786 1006 1760 1262 1757" 
                    HPOS="448"
                    VPOS="1703"
                    WIDTH="814"
                    HEIGHT="112">
            <Shape><Polygon POINTS="450 1786 450 1794 475 1811 476 1811 477 1811 479 1811 480 1811 491 1805 510 1815 512 1815 513 1815 515 1815 516 1815 523 1808 528 1812 528 1813 530 1813 531 1813 533 1813 618 1811 619 1811 621 1811 655 1787 658 1787 691 1784 694 1787 716 1805 716 1806 717 1806 718 1806 720 1806 721 1806 723 1806 723 1805 745 1787 783 1794 785 1794 786 1794 787 1794 787 1793 789 1793 796 1784 798 1784 874 1787 875 1787 877 1787 886 1782 900 1775 918 1780 920 1780 921 1780 1038 1769 1050 1777 1054 1782 1056 1782 1057 1782 1059 1782 1060 1782 1075 1777 1110 1766 1136 1776 1167 1787 1169 1787 1170 1787 1172 1787 1213 1773 1229 1769 1261 1772 1262 1757 1254 1703 1218 1727 1196 1716 1195 1716 1194 1716 1192 1716 1191 1716 1191 1717 1178 1729 1144 1729 1129 1721 1127 1721 1126 1721 1125 1721 1123 1721 1103 1731 1072 1716 1070 1714 1068 1714 1067 1714 1066 1714 1064 1714 1064 1716 1063 1717 1043 1733 1023 1728 1021 1728 1020 1728 969 1736 937 1725 926 1721 925 1721 924 1721 922 1721 921 1721 913 1727 896 1736 847 1731 841 1731 840 1731 838 1731 836 1732 822 1738 811 1733 785 1722 783 1722 782 1722 780 1722 758 1733 749 1725 747 1725 746 1725 745 1725 630 1729 629 1729 628 1729 628 1731 611 1746 611 1747 578 1753 548 1751 534 1750 506 1735 505 1735 504 1735 502 1735 501 1735 475 1755 472 1758 448 1758 450 1786"/></Shape>
	    <String CONTENT="du Jour de mon Docés"
                    HPOS="448"
                    VPOS="1703"
                    WIDTH="814"
                    HEIGHT="112"
                    WC="0.9997444093227387"></String>
          </TextLine>
          <TextLine ID="eSc_line_dcf4bc69"
                    TAGREFS="LT334"
                    BASELINE="645 1842 1893 1834 2350 1841" 
                    HPOS="644"
                    VPOS="1777"
                    WIDTH="1706"
                    HEIGHT="85">
            <Shape><Polygon POINTS="645 1842 645 1852 691 1860 692 1862 886 1862 886 1860 888 1860 903 1853 920 1860 921 1860 922 1860 1008 1853 1009 1853 1010 1853 1034 1859 1035 1859 1037 1859 1038 1859 1050 1853 1056 1850 1118 1853 1251 1859 1253 1859 1296 1853 1326 1849 1404 1849 1418 1853 1432 1857 1433 1857 1435 1857 1470 1853 1505 1849 1557 1853 1610 1857 1611 1859 1611 1857 1662 1853 1731 1848 1787 1853 1816 1856 1817 1856 1863 1853 1955 1848 2017 1853 2032 1855 2034 1855 2050 1853 2122 1848 2348 1853 2350 1841 2349 1797 2305 1777 2304 1777 2302 1777 2229 1779 2141 1797 2096 1806 1986 1806 1965 1797 1925 1779 1924 1779 1922 1779 1878 1787 1835 1779 1834 1779 1546 1780 1483 1795 1426 1808 1342 1794 1302 1789 1301 1789 1300 1789 1282 1794 1234 1812 908 1812 870 1795 869 1795 867 1795 866 1795 838 1808 812 1797 811 1797 809 1797 763 1805 724 1793 707 1787 706 1787 705 1787 644 1791 645 1842"/></Shape>
	    <String CONTENT="éfraat à mes. je donne et Legde, à lausi mon fel"
                    HPOS="644"
                    VPOS="1777"
                    WIDTH="1706"
                    HEIGHT="85"
                    WC="0.994686983525753"></String>
          </TextLine>
          <TextLine ID="eSc_line_aec756ca"
                    TAGREFS="LT334"
                    BASELINE="454 1915 639 1904 1027 1899 1335 1886 2324 1900" 
                    HPOS="454"
                    VPOS="1846"
                    WIDTH="1870"
                    HEIGHT="79">
            <Shape><Polygon POINTS="454 1915 454 1917 888 1919 889 1919 899 1918 965 1903 1027 1917 1028 1917 1030 1917 1057 1907 1115 1914 1116 1914 1118 1914 1144 1904 1273 1914 1275 1914 1276 1914 1313 1900 1397 1900 1651 1900 1727 1911 1728 1911 1791 1903 1845 1914 1846 1914 1926 1903 1962 1915 1963 1915 1965 1915 2002 1908 2070 1919 2072 1919 2074 1919 2076 1919 2127 1911 2224 1919 2282 1925 2283 1925 2323 1919 2324 1900 2323 1859 2264 1855 2262 1855 2246 1859 2198 1870 2118 1859 2059 1850 2057 1850 2056 1850 2030 1859 2016 1863 1991 1859 1936 1849 1724 1849 1722 1849 1670 1860 1640 1866 1625 1860 1604 1850 1603 1850 1601 1850 1600 1850 1574 1859 1497 1853 1495 1853 1494 1853 1473 1860 1464 1863 1450 1860 1388 1846 1386 1846 1307 1857 1240 1846 1239 1846 1238 1846 1211 1853 1094 1846 1093 1846 1092 1846 1056 1862 1049 1864 1002 1866 841 1866 830 1862 796 1850 794 1850 793 1850 721 1862 709 1863 674 1862 555 1856 553 1856 454 1862 454 1915"/></Shape>
	    <String CONTENT="Marie Megrene Moz ain bdque et Jun bir malgactre"
                    HPOS="454"
                    VPOS="1846"
                    WIDTH="1870"
                    HEIGHT="79"
                    WC="0.9865131912132105"></String>
          </TextLine>
          <TextLine ID="eSc_line_226c1a6f"
                    TAGREFS="LT334"
                    BASELINE="451 1979 650 1961 915 1959 1348 1939 1819 1936" 
                    HPOS="450"
                    VPOS="1890"
                    WIDTH="1369"
                    HEIGHT="105">
            <Shape><Polygon POINTS="1605 1890 1592 1890 1501 1900 1455 1893 1454 1893 1453 1893 1407 1910 1402 1911 1380 1910 1203 1900 1202 1900 1200 1900 1163 1912 1107 1911 1105 1911 1104 1911 1082 1919 1079 1919 1078 1919 1059 1910 1057 1910 900 1908 899 1908 897 1908 851 1925 847 1928 778 1928 776 1928 750 1915 749 1915 747 1915 674 1929 647 1917 645 1917 644 1917 643 1917 590 1933 586 1934 450 1936 451 1979 451 1987 491 1995 493 1995 552 1988 553 1988 561 1984 579 1976 654 1980 655 1980 705 1972 754 1973 767 1979 785 1987 786 1987 787 1987 891 1984 933 1974 962 1969 994 1973 1015 1976 1016 1976 1039 1972 1078 1965 1101 1970 1129 1977 1130 1977 1132 1977 1133 1977 1134 1977 1147 1969 1152 1966 1162 1969 1188 1976 1189 1976 1191 1976 1249 1974 1250 1974 1276 1966 1309 1954 1381 1954 1415 1962 1421 1963 1422 1963 1424 1963 1435 1962 1490 1950 1611 1947 1687 1955 1739 1961 1740 1961 1817 1951 1819 1936 1815 1899 1720 1901 1710 1901 1618 1890 1605 1890"/></Shape>
	    <String CONTENT="Pour var lur faire et disposer des dite de"
                    HPOS="450"
                    VPOS="1890"
                    WIDTH="1369"
                    HEIGHT="105"
                    WC="0.9777296966030484"></String>
          </TextLine>
          <TextLine ID="eSc_line_19c8108e"
                    TAGREFS="LT334"
                    BASELINE="1859 1957 2353 1954" 
                    HPOS="1857"
                    VPOS="1907"
                    WIDTH="496"
                    HEIGHT="73">
            <Shape><Polygon POINTS="1859 1957 1860 1980 1881 1969 1889 1977 1889 1979 1890 1979 1892 1979 1893 1979 1895 1979 1925 1969 1950 1979 1951 1979 1952 1979 1955 1979 2031 1969 2089 1976 2090 1976 2092 1976 2093 1976 2105 1968 2151 1976 2158 1977 2159 1977 2160 1977 2165 1976 2191 1968 2221 1976 2224 1976 2225 1976 2227 1976 2228 1976 2229 1976 2247 1969 2266 1974 2275 1977 2276 1977 2277 1977 2352 1973 2353 1954 2352 1926 2328 1911 2327 1911 2326 1911 2324 1911 2323 1911 2297 1921 2233 1910 2232 1910 2231 1910 2184 1928 2181 1929 2127 1929 2125 1928 2108 1917 2107 1917 2105 1917 2104 1917 2103 1917 2101 1917 2089 1928 2086 1930 2013 1930 2010 1926 1991 1908 1991 1907 1990 1907 1988 1907 1892 1907 1890 1907 1889 1907 1857 1923 1859 1957"/></Shape>
	    <String CONTENT="Eclave eu tout"
                    HPOS="1857"
                    VPOS="1907"
                    WIDTH="496"
                    HEIGHT="73"
                    WC="0.9026871877057212"></String>
          </TextLine>
          <TextLine ID="eSc_line_1e790d38"
                    TAGREFS="LT334"
                    BASELINE="524 2031 688 2021 920 2023 1499 1998 1751 1998 1925 2007 2352 2016" 
                    HPOS="523"
                    VPOS="1954"
                    WIDTH="1829"
                    HEIGHT="100">
            <Shape><Polygon POINTS="524 2031 524 2054 588 2054 588 2053 589 2053 590 2053 636 2035 785 2050 794 2050 796 2050 844 2049 906 2046 907 2046 951 2031 1026 2028 1126 2032 1127 2032 1184 2024 1207 2032 1209 2032 1286 2034 1287 2034 1289 2034 1318 2021 1530 2019 1658 2032 1659 2032 1794 2016 1863 2016 1910 2030 1911 2030 1913 2030 1914 2030 1965 2017 2053 2031 2054 2031 2350 2027 2352 2016 2349 1969 2240 1970 2233 1969 2209 1962 2207 1962 2206 1962 2119 1970 2097 1972 2086 1970 2024 1959 2023 1959 2021 1959 1987 1972 1980 1973 1973 1972 1943 1962 1941 1962 1940 1962 1863 1968 1822 1954 1820 1954 1819 1954 1817 1954 1786 1968 1739 1955 1738 1955 1736 1955 1685 1966 1622 1961 1621 1961 1582 1969 1550 1957 1549 1957 1548 1957 1261 1961 1202 1972 1166 1963 1165 1963 1163 1963 1162 1963 1110 1977 1070 1990 948 1990 917 1980 895 1972 893 1972 892 1972 891 1972 867 1980 834 1991 701 1981 610 1974 608 1974 607 1974 586 1981 574 1987 563 1983 545 1974 544 1974 542 1974 541 1974 523 1981 524 2031"/></Shape>
	    <String CONTENT="Propriété et Couime det Chote lui appartenante à Crccmpter de"
                    HPOS="523"
                    VPOS="1954"
                    WIDTH="1829"
                    HEIGHT="100"
                    WC="0.9890561318788372"></String>
          </TextLine>
          <TextLine ID="eSc_line_3ed1a650"
                    TAGREFS="LT334"
                    BASELINE="426 2108 1034 2096" 
                    HPOS="425"
                    VPOS="2046"
                    WIDTH="609"
                    HEIGHT="87">
            <Shape><Polygon POINTS="426 2108 426 2133 521 2131 523 2131 524 2131 524 2130 534 2120 560 2120 612 2127 628 2129 629 2129 630 2129 632 2129 632 2127 633 2127 633 2126 643 2115 716 2115 728 2122 731 2125 732 2125 734 2125 735 2125 774 2120 826 2115 834 2118 851 2125 852 2125 853 2125 855 2125 856 2125 867 2116 878 2109 933 2109 944 2114 964 2122 965 2122 966 2122 1032 2109 1034 2096 1031 2049 1005 2046 1004 2046 1002 2046 1001 2046 1001 2047 998 2050 983 2065 961 2067 926 2067 903 2053 899 2052 897 2052 896 2052 895 2052 893 2052 891 2054 881 2063 859 2063 849 2056 841 2050 840 2050 838 2050 837 2050 836 2050 808 2057 758 2071 698 2071 690 2063 683 2057 683 2056 681 2056 680 2056 636 2047 634 2047 494 2050 493 2050 454 2072 447 2075 425 2074 426 2108"/></Shape>
	    <String CONTENT="ofour de mon de ce"
                    HPOS="425"
                    VPOS="2046"
                    WIDTH="609"
                    HEIGHT="87"
                    WC="0.9956852263874478"></String>
          </TextLine>
          <TextLine ID="eSc_line_72616d5b"
                    TAGREFS="LT334"
                    BASELINE="561 2200 1362 2181 2147 2184 2352 2193" 
                    HPOS="561"
                    VPOS="2126"
                    WIDTH="1791"
                    HEIGHT="91">
            <Shape><Polygon POINTS="2349 2140 2251 2149 2079 2142 2078 2142 2076 2142 2057 2152 2005 2152 1965 2138 1961 2137 1959 2137 1958 2137 1946 2138 1855 2152 1805 2138 1764 2126 1762 2126 1761 2126 1760 2126 1724 2138 1674 2155 1622 2155 1571 2137 1570 2137 1568 2137 1567 2137 1559 2137 1520 2141 1508 2137 1477 2127 1476 2127 1475 2127 1194 2129 1192 2129 1172 2137 1125 2153 1101 2148 1100 2148 1099 2148 1097 2148 1063 2160 990 2160 946 2141 944 2141 943 2141 942 2141 884 2159 840 2155 838 2155 837 2155 818 2162 757 2147 756 2147 754 2147 694 2147 667 2136 666 2136 665 2136 662 2136 592 2144 561 2136 561 2200 563 2214 590 2203 626 2214 636 2217 637 2217 639 2217 749 2215 750 2215 756 2213 767 2209 819 2213 858 2215 859 2215 891 2213 955 2204 983 2211 994 2214 995 2214 997 2214 1012 2211 1067 2199 1116 2204 1118 2204 1119 2204 1143 2198 1278 2202 1279 2202 1510 2193 1600 2200 1601 2200 1643 2193 1665 2203 1666 2203 1667 2203 1724 2192 1919 2196 1939 2204 1941 2206 1943 2206 1944 2206 2350 2202 2352 2193 2349 2140"/></Shape>
	    <String CONTENT="fuant à Me evantre Liens Tant en Meubles quimmeuble"
                    HPOS="561"
                    VPOS="2126"
                    WIDTH="1791"
                    HEIGHT="91"
                    WC="0.9722780900843003"></String>
          </TextLine>
          <TextLine ID="eSc_line_3110d739"
                    TAGREFS="LT334"
                    BASELINE="421 2258 1331 2249 1703 2260 2352 2262" 
                    HPOS="420"
                    VPOS="2203"
                    WIDTH="1932"
                    HEIGHT="102">
            <Shape><Polygon POINTS="421 2258 421 2282 471 2279 486 2282 530 2294 531 2294 533 2294 592 2282 634 2273 676 2282 695 2286 696 2286 782 2283 902 2304 903 2305 1031 2305 1031 2304 1032 2304 1082 2282 1105 2272 1545 2273 1565 2282 1575 2284 1576 2284 1578 2286 1641 2286 1683 2302 1684 2302 1685 2302 1805 2287 1856 2301 1857 2301 1859 2302 2090 2302 2090 2301 2092 2301 2122 2288 2136 2293 2137 2293 2138 2293 2196 2282 2221 2276 2238 2282 2249 2284 2250 2284 2251 2284 2350 2280 2352 2262 2350 2220 2174 2220 2118 2203 2116 2203 2115 2203 2114 2203 2072 2218 1994 2210 1992 2210 1991 2210 1970 2220 1823 2220 1786 2204 1784 2204 1783 2204 1707 2220 1651 2204 1649 2204 1592 2204 1590 2204 1589 2204 1539 2220 1490 2204 1488 2204 1443 2204 1441 2204 1367 2221 1253 2221 1144 2207 1143 2207 1141 2207 1115 2215 1083 2204 1082 2204 1081 2204 895 2206 893 2206 859 2218 829 2209 827 2209 670 2206 669 2206 585 2221 483 2206 482 2206 480 2206 420 2222 421 2258"/></Shape>
	    <String CONTENT="se, le donne et Leget a mes dunf enfant ip devant"
                    HPOS="420"
                    VPOS="2203"
                    WIDTH="1932"
                    HEIGHT="102"
                    WC="0.9521745917748432"></String>
          </TextLine>
          <TextLine ID="eSc_line_92a858a8"
                    TAGREFS="LT334"
                    BASELINE="1234 2355 1271 2355" 
                    HPOS="1234"
                    VPOS="2283"
                    WIDTH="37"
                    HEIGHT="102">
            <Shape><Polygon POINTS="1234 2355 1234 2381 1269 2385 1271 2355 1271 2283 1234 2283 1234 2355"/></Shape>
	    <String CONTENT="7"
                    HPOS="1234"
                    VPOS="2283"
                    WIDTH="37"
                    HEIGHT="102"
                    WC="0.9989123344421387"></String>
          </TextLine>
        </TextBlock>
        <TextBlock HPOS="71"
                   VPOS="881"
                   WIDTH="26"
                   HEIGHT="48"
                   ID="eSc_textblock_5dc41f31"
                   TAGREFS="BT560">
          <Shape><Polygon POINTS="81 881 97 892 86 929 71 918 81 881"/></Shape>
        </TextBlock>
        <TextBlock HPOS="192"
                   VPOS="2010"
                   WIDTH="21"
                   HEIGHT="10"
                   ID="eSc_textblock_b2b5c2e5"
                   TAGREFS="BT560">
          <Shape><Polygon POINTS="196 2010 213 2010 213 2020 192 2020 196 2010"/></Shape>
        </TextBlock>
        <TextBlock HPOS="121"
                   VPOS="2192"
                   WIDTH="164"
                   HEIGHT="109"
                   ID="eSc_textblock_122737be"
                   TAGREFS="BT560">
          <Shape><Polygon POINTS="158 2192 192 2231 285 2247 285 2273 169 2301 137 2290 121 2236 158 2192"/></Shape>
        </TextBlock>
        <TextBlock HPOS="380"
                   VPOS="1922"
                   WIDTH="4"
                   HEIGHT="4"
                   ID="eSc_textblock_08864e5a"
                   TAGREFS="BT560">
          <Shape><Polygon POINTS="384 1922 384 1926 380 1926 380 1922 384 1922"/></Shape>
        </TextBlock>
        <TextBlock HPOS="374"
                   VPOS="1933"
                   WIDTH="15"
                   HEIGHT="15"
                   ID="eSc_textblock_79422630"
                   TAGREFS="BT560">
          <Shape><Polygon POINTS="384 1933 389 1948 374 1948 374 1939 384 1933"/></Shape>
        </TextBlock>
        <TextBlock HPOS="71"
                   VPOS="1079"
                   WIDTH="21"
                   HEIGHT="98"
                   ID="eSc_textblock_3ff38ecc"
                   TAGREFS="BT560">
          <Shape><Polygon POINTS="81 1079 92 1111 77 1177 71 1145 81 1079"/></Shape>
        </TextBlock>
        <TextBlock HPOS="2410"
                   VPOS="980"
                   WIDTH="4"
                   HEIGHT="4"
                   ID="eSc_textblock_76e91565"
                   TAGREFS="BT560">
          <Shape><Polygon POINTS="2414 980 2414 984 2410 984 2410 980 2414 980"/></Shape>
        </TextBlock>
      </PrintSpace>
    </Page>
  </Layout>
</alto>
