2583 2479
894 1 1537 114 Tibunal unel lelhle de France sou mgne nue un

909 78 1658 124 expedition deedee Contrat de mariage amoi presenté c

894 198 210 88 et effet

898 192 1675 142 Auoit du ton oust dslede Franc le hroû Bumaise

2180 283 267 103 Busson

899 272 1332 152 a huit de la Republique francaise un And

52 550 2499 155 Restament Crtait Des minuttes de posérr au gruffé de la Suttice de paix du Canton

63 656 278 115 Dographe

374 684 645 81 des panple moustes

675 764 699 84 leci Est mon testament

68 749 297 84 de defunte

64 776 2480 164 E^te dutienne de Necommande mon ame a diet Se men rapporte t mon Executeur testamentine

384 924 919 93 pour le soin de mis junerailles.

75 970 325 163 Je Magont

446 973 1777 134 de donne la liberte aus noirs L'eugrestes Cy après Savoir.

454 1104 978 80 Sannette Demeurante au post

457 1170 1120 92 Seannot mou domestique et Sa mere

443 1254 915 88 Sulie L Conttant Son fils

444 1315 1242 110 Louite indiesine ma femime de Chambre

455 1381 2009 127 marie touite mulatre se ma femme de Chambre qui ma éte donnée par

354 1458 2051 135 M Gapedeville pour lui donner Sa liberté, et Jean Boulanger.

520 1538 1915 122 de donne a Chacan de Ces six noirs dix arpens de tere aprendie

403 1618 2056 147 dans le tarem que sai achete de dinety dans le bois de flacq au piès de

376 1717 1932 116 Baudon Sily a polus ou moins els pertagerons le tout par Sixeme

471 1801 1762 122 de leur legue en outre mon tenge de Copt teute ma Garderobe

447 1895 1911 92 Se donne de plus a Seannette Te qu'ille poursa me retter devoir des Veutes

402 1984 606 88 qu'elle fait au port.

476 2036 1934 116 de Bnne Dlegue a Riset L noyenre Donones ; le diflebagne deux
