2850 2479
983 1 1854 89 Souttigne Sur Tougemal des pretentes a moi pretente

990 66 365 79 e Egt Efet

1060 148 1708 109 Au tait NIO. l Deus Nivote an Duit de la

998 253 1152 113 Republique f^t une l indivehble

1538 340 249 106 Busson

74 599 2708 140 Don mutait ardevant le Notaire Publie Retidant au Canton de FlacqalJlle de

55 723 2658 126 entre Loit France Soublique, allitte des temoins Cy bas de noucits a Egalement

75 800 215 93 Victor

500 811 358 96 Souttignes

75 962 302 98 Verrine

560 929 2181 132 furent Pietens touis necolas et serrine Son Goute qu'il Autorite

108 1050 328 113 Son Epoute

495 1049 2259 111 Al Effet dis pretentes, Citoyens de Conteur Babitants, Conpounts en

155 1141 35 59 de

96 1152 2636 115 Cde Conteur legitime maciage Dimeumants en Ce Canton de flacq alicuu dit

505 1286 2192 78 le Caimp de de tachement, letquels Apris Avoue juttifies Pilie

501 1382 2253 108 Exepept de payement d'iiipotition etants en poarfacte sante

524 1498 2217 98 Contiderant qu'ils n'ont Aucun enfais pour le donner der

530 1607 2219 117 marques Receproques de Ceffction qu'ils se portent e procurer

523 1713 2209 121 au Jurvivant d'eux les moyen de Vivie Avec plus dlactance

523 1831 2179 92 ds se tout Tolontairement fait E font par les pretentes doon

522 1947 2190 113 Matuel Reuproque de Egat lun a lautre i au Survivant

527 2049 2215 158 deux deux Ce acceptant par le d^e Suistrant, de tous l Chacun
