2817 2479
345 24 20 87 1

333 119 2357 138 son petet fils ene du légittme mariage, qui existe entre Miolai oloyee lt Susanne

336 212 2355 117 Leite donicelie au du Canton aflanq chi ses pere et mêré mapeuer de vingte

338 296 2357 121 unan, des peures de lamilie et allachement particulier, quelle lui porte afart

336 391 2381 124 pavcer peseutes donation entre vifs pure Simple l irrevomble en la meilleme fornie

347 494 2341 103 que donation puisse valon et pour plus grande palierte momel qurantee de lan

345 583 2365 109 houbles et un pechements quelconques tant pour elle que pour le houtier cpu

338 663 2344 116 audit Ni colai Cloyer ui pesent et acceptant pour lui fer hoire delegant laut

348 765 2369 102 favour dune negresse creole ages denviron quuise afeize aus nommée Marie Louis

344 859 2351 83 auni que dun noir exiem di caste créole agé denoinon trente auis, nomme francert

348 951 2358 91 Lesquels deux teter desclecs apparteritsutt a la donatrice comme faisant partie de

349 1037 2349 101 biens de la peccussion Ncommumanté dentrille et ton dit de sunt mari mathricr

340 1122 2388 103 Aloyer dit famaur pour desdittes deux titer desclaves faire et disposér par lede

341 1203 2374 119 donalaire fei heritiers et ayant taure comme bon lui femblera aumoyen de

337 1305 2380 112 presentes a commencer de laditte juissince dujorii dee duis de la dette donatrice

341 1397 2353 128 qui len rmerve lavie dierants la jouessance atitze de constitut et precaire a lesset

334 1510 2334 95 de quoi elle se dehaint au profit dudu donattière de ses hoirs & ayant cant

336 1589 2374 114 detous nome, droit acteons et pateution quelle a sur les deciex nioui ce demsus

342 1662 268 88 de nommé

626 1703 2089 102 anique est exprenié Voulant quel en foit tairi et mor au possession

345 1783 2387 158 de la manes it par qui il appartrendra ; comteluant acet effet pour procuran

349 1879 2360 152 le porteur de lospedition des presentes ; auquel il est egalement donne paureorr

327 1985 2401 142 tamt par la ditte testatriir donatrice que pesle du Donataire de fone minuile

323 2090 2387 138 ls presonles au Geffe du lubuna civl ele la Clonie avant la spiralion des

316 2191 2388 106 quals mois acompter de ce joir coufoinement à lordenmanie. caiais

316 2273 2440 112 tetout a ele convene faisarit leidittes pastie clecteon dellun domicele vusénoire

296 2370 1799 106 auqquele lieur pomillant oblegantrenosicant

2128 2385 126 78 PE
