2842 2479
427 1 307 43 les leeil

512 1 1770 114 Declare le C^t Antoine faiire tevoginr lannutter comme

407 28 2370 192 Revoque E anncette tous les tettaments CodicileL Litpotitions

413 140 2373 174 Anterteures aux prétentes pour l'Execution Letquelle il nomme

431 223 2335 183 E Justitue le S C^e Buthilimig magney Domicilie Sur lhabitation

422 329 2327 175 du C Daptitte Gallet en Ced tanton de la Savonne auquel el

405 428 2363 169 Recons mande toute Viligence pour Ostenir la Confimation se

385 528 2378 173 Se Volontes tou chant l'affranchissement de la d^e Nanette Le

2680 607 42 58 1

382 652 2351 126 Desaitissent dis le moment En les Maiiir Se tous Ses Ciens

359 750 2359 145 Conformement a la Contame et aux Regtements pour por lui

367 859 2395 132 au dt Cas de tous dees au faire la remite E emptois Sus indequel

369 973 2342 120 le preant inttament d'en faire scceptation pour repoudre e Sa

378 1074 2364 125 Confiance Llui Donner D'ailleur le Dernier te moignage de son

378 1178 313 90 Estime.

493 1280 2158 91 Ce fut Ainti fait Dicté L nommé par le d^e Cintoine faure au

407 1386 2324 86 notairee Atemoins Soustigné E par le d^e Notarie lu SIilie un

409 1483 2333 87 mot Aprèr l'antre au d testateur qui a dit E Declaré Lien enteudre

405 1571 2307 84 Eomprendie le Contenn Au present son letlament quil le connoit

384 1662 2314 88 Conteeir en tout pourt Ses Dispotitions de dernieres L litre Volonte

393 1753 2331 93 Au quelles i ne Veut tien Changer augmentir ne Diminuer

427 1841 1573 89 Ly sestiste Requesant Acte Ilui Deaine

544 1912 2167 126 fait TRapporté en un seul Duvet Sur la PRsquitition Lnelle

358 2003 1476 109 du teslateur Sur la dite Dabitation du Cente

1877 2038 825 114 fros des dit Tantoin
