<?xml version="1.0" encoding="UTF-8"?>
<alto xmlns:xsi="http://www.w3.org/2001/XMLSchema-instance"
      xmlns="http://www.loc.gov/standards/alto/ns-v4#"
      xsi:schemaLocation="http://www.loc.gov/standards/alto/ns-v4# http://www.loc.gov/standards/alto/v4/alto-4-2.xsd">
  <Description>
    <MeasurementUnit>pixel</MeasurementUnit>
    <sourceImageInformation>
      <fileName>JK14_4.pdf_page_3.png</fileName>
      <fileIdentifier>pdf//JK14_4.pdf</fileIdentifier>
    </sourceImageInformation>
  </Description>
  <Tags>
    <OtherTag ID="BT7" LABEL="CustomZone" DESCRIPTION="block type CustomZone"/><OtherTag ID="BT8" LABEL="DamageZone" DESCRIPTION="block type DamageZone"/><OtherTag ID="BT9" LABEL="DigitizationArtefactZone" DESCRIPTION="block type DigitizationArtefactZone"/><OtherTag ID="BT10" LABEL="DropCapitalZone" DESCRIPTION="block type DropCapitalZone"/><OtherTag ID="BT11" LABEL="GraphicZone" DESCRIPTION="block type GraphicZone"/><OtherTag ID="BT12" LABEL="MainZone" DESCRIPTION="block type MainZone"/><OtherTag ID="BT13" LABEL="MarginTextZone" DESCRIPTION="block type MarginTextZone"/><OtherTag ID="BT14" LABEL="MusicZone" DESCRIPTION="block type MusicZone"/><OtherTag ID="BT15" LABEL="NumberingZone" DESCRIPTION="block type NumberingZone"/><OtherTag ID="BT17" LABEL="QuireMarksZone" DESCRIPTION="block type QuireMarksZone"/><OtherTag ID="BT18" LABEL="RunningTitleZone" DESCRIPTION="block type RunningTitleZone"/><OtherTag ID="BT19" LABEL="SealZone" DESCRIPTION="block type SealZone"/><OtherTag ID="BT20" LABEL="StampZone" DESCRIPTION="block type StampZone"/><OtherTag ID="BT21" LABEL="TableZone" DESCRIPTION="block type TableZone"/><OtherTag ID="BT22" LABEL="TitlePageZone" DESCRIPTION="block type TitlePageZone"/><OtherTag ID="BT560" LABEL="text" DESCRIPTION="block type text"/>
    <OtherTag ID="LT7" LABEL="CustomLine" DESCRIPTION="line type CustomLine"/><OtherTag ID="LT8" LABEL="DefaultLine" DESCRIPTION="line type DefaultLine"/><OtherTag ID="LT9" LABEL="DropCapitalLine" DESCRIPTION="line type DropCapitalLine"/><OtherTag ID="LT10" LABEL="HeadingLine" DESCRIPTION="line type HeadingLine"/><OtherTag ID="LT11" LABEL="InterlinearLine" DESCRIPTION="line type InterlinearLine"/><OtherTag ID="LT12" LABEL="MusicLine" DESCRIPTION="line type MusicLine"/><OtherTag ID="LT334" LABEL="default" DESCRIPTION="line type default"/>
  </Tags>
  <Layout>
    <Page WIDTH="2160"
          HEIGHT="2138"
          PHYSICAL_IMG_NR="2"
          ID="eSc_dummypage_">
      <PrintSpace HPOS="0"
                  VPOS="0"
                  WIDTH="2160"
                  HEIGHT="2138">
        <TextBlock HPOS="156"
                   VPOS="0"
                   WIDTH="1961"
                   HEIGHT="1932"
                   ID="eSc_textblock_46d69085"
                   TAGREFS="BT560">
          <Shape><Polygon POINTS="190 0 597 0 608 14 703 0 1993 9 2022 76 2017 131 2083 171 2083 245 2050 275 2074 327 2079 469 2041 526 2102 603 2117 688 2098 774 2093 1140 2112 1234 2064 1273 2079 1330 2064 1447 2098 1539 2069 1709 2102 1799 2045 1823 1396 1861 1314 1923 1242 1932 1001 1899 450 1923 289 1908 261 1780 270 1496 232 1333 242 1202 190 977 209 722 180 574 156 554 180 511 175 327 209 274 251 74 236 51 190 36 190 0"/></Shape>
          <TextLine ID="eSc_line_da60a148"
                    TAGREFS="LT334"
                    BASELINE="199 17 321 11" 
                    HPOS="198"
                    VPOS="1"
                    WIDTH="123"
                    HEIGHT="35">
            <Shape><Polygon POINTS="317 1 305 1 293 1 281 1 269 1 257 1 245 1 234 1 222 1 210 1 198 1 199 17 199 36 321 26 321 11 318 1 317 1"/></Shape>
	    <String CONTENT="1244"
                    HPOS="198"
                    VPOS="1"
                    WIDTH="123"
                    HEIGHT="35"
                    WC="0.9999991655349731"></String>
          </TextLine>
          <TextLine ID="eSc_line_cb707300"
                    TAGREFS="LT334"
                    BASELINE="1361 11 1368 11" 
                    HPOS="1361"
                    VPOS="4"
                    WIDTH="7"
                    HEIGHT="20">
            <Shape><Polygon POINTS="1361 4 1361 11 1361 24 1368 24 1368 11 1368 4 1361 4"/></Shape>
	    <String CONTENT="1"
                    HPOS="1361"
                    VPOS="4"
                    WIDTH="7"
                    HEIGHT="20"
                    WC="0.9993332028388977"></String>
          </TextLine>
          <TextLine ID="eSc_line_4901207f"
                    TAGREFS="LT334"
                    BASELINE="1671 22 1777 10" 
                    HPOS="1668"
                    VPOS="7"
                    WIDTH="109"
                    HEIGHT="29">
            <Shape><Polygon POINTS="1765 7 1752 7 1740 7 1728 7 1716 7 1704 7 1693 7 1681 7 1668 7 1671 22 1672 36 1777 20 1777 10 1776 7 1765 7"/></Shape>
	    <String CONTENT="Poeu"
                    HPOS="1668"
                    VPOS="7"
                    WIDTH="109"
                    HEIGHT="29"
                    WC="0.9999008923768997"></String>
          </TextLine>
          <TextLine ID="eSc_line_29d97670"
                    TAGREFS="LT334"
                    BASELINE="314 93 547 95 879 72 1096 49 1238 23 1361 14" 
                    HPOS="310"
                    VPOS="3"
                    WIDTH="1051"
                    HEIGHT="115">
            <Shape><Polygon POINTS="1354 4 1342 4 1330 4 1318 4 1306 4 1295 4 1283 4 1271 4 1261 4 1259 5 1243 3 1234 3 1223 3 1211 3 1200 3 1188 3 1182 3 1178 5 1170 3 1164 3 1154 3 1147 7 1132 16 1083 21 1053 10 1045 8 1044 8 1043 8 1041 8 1033 11 990 32 970 27 969 27 968 27 967 27 965 27 952 35 878 40 835 24 834 24 832 24 831 24 792 43 746 22 736 19 735 19 734 19 733 19 731 19 725 23 684 53 646 51 645 51 643 51 619 58 560 29 548 24 547 24 546 24 451 30 450 30 449 30 445 34 440 38 426 35 413 33 412 33 310 39 314 93 314 108 444 104 487 118 488 118 489 118 627 109 685 96 763 99 765 99 766 99 784 90 811 93 812 93 868 81 899 90 900 90 901 90 902 90 926 80 939 85 940 85 942 85 943 85 944 85 960 74 983 79 984 79 1063 64 1126 73 1127 73 1128 73 1145 65 1167 67 1169 67 1170 67 1211 47 1214 46 1361 36 1361 14 1360 4 1354 4"/></Shape>
	    <String CONTENT="de Necommande A mot Goute ucs"
                    HPOS="310"
                    VPOS="3"
                    WIDTH="1051"
                    HEIGHT="115"
                    WC="0.9788519349591486"></String>
          </TextLine>
          <TextLine ID="eSc_line_26fbbbe4"
                    TAGREFS="LT334"
                    BASELINE="247 179 500 175 942 144 1362 86 1432 73 1481 58 1633 38" 
                    HPOS="242"
                    VPOS="5"
                    WIDTH="1392"
                    HEIGHT="195">
            <Shape><Polygon POINTS="1611 5 1599 5 1587 5 1581 5 1396 22 1394 22 1393 22 1374 34 1343 52 1260 48 1259 48 1258 48 1192 78 815 112 785 102 784 102 782 102 740 110 708 99 698 97 697 97 696 97 695 97 677 103 629 118 605 110 582 100 580 100 579 100 578 100 552 115 533 125 508 119 476 111 475 111 474 111 472 111 456 118 412 115 411 115 371 118 370 118 369 118 344 135 335 142 325 137 313 133 312 133 311 133 310 133 289 137 266 131 264 131 263 131 262 131 261 131 242 143 247 179 248 197 342 191 376 199 377 199 379 199 380 199 411 188 506 200 507 200 582 185 630 186 632 186 633 186 649 178 721 180 722 180 774 168 937 160 1025 152 1026 152 1093 135 1137 141 1138 141 1211 127 1213 127 1214 127 1238 112 1295 116 1296 116 1297 116 1329 99 1371 103 1372 103 1373 103 1404 92 1431 97 1432 97 1434 97 1468 84 1468 83 1634 67 1633 38 1628 8 1618 5 1611 5"/></Shape>
	    <String CONTENT="Et le Surplus de tous mes Giens Apris le drcisà"
                    HPOS="242"
                    VPOS="5"
                    WIDTH="1392"
                    HEIGHT="195"
                    WC="0.983738714076103"></String>
          </TextLine>
          <TextLine ID="eSc_line_f41ad8cd"
                    TAGREFS="LT334"
                    BASELINE="1163 182 1676 105 1785 77 1908 62 1992 61" 
                    HPOS="1158"
                    VPOS="32"
                    WIDTH="834"
                    HEIGHT="162">
            <Shape><Polygon POINTS="1163 182 1164 192 1214 186 1215 186 1240 194 1241 194 1242 194 1243 194 1245 194 1254 186 1265 191 1266 191 1267 191 1268 191 1270 191 1285 178 1304 186 1305 186 1306 186 1308 186 1392 162 1415 168 1416 168 1417 168 1418 168 1440 157 1504 161 1505 161 1561 153 1592 148 1593 148 1646 119 1650 118 1657 118 1701 118 1701 117 1702 117 1720 108 1731 103 1737 105 1746 109 1747 109 1748 109 1750 109 1751 109 1759 102 1767 96 1798 96 1820 96 1821 96 1822 96 1823 96 1823 95 1828 91 1834 85 1877 84 1892 83 1893 83 1895 83 1895 81 1896 81 1896 80 1899 77 1906 79 1921 84 1922 84 1923 84 1924 84 1925 84 1935 74 1942 68 1962 67 1967 70 1973 74 1974 74 1975 74 1977 74 1978 74 1979 74 1992 66 1992 61 1986 32 1904 33 1903 33 1855 46 1843 39 1842 39 1841 39 1840 39 1839 39 1838 39 1814 53 1795 42 1794 42 1792 42 1791 42 1773 51 1735 42 1734 42 1733 42 1688 58 1687 58 1687 59 1670 76 1607 62 1606 62 1552 70 1516 76 1514 76 1513 76 1478 108 1417 117 1410 118 1396 118 1356 99 1355 99 1354 99 1306 106 1305 106 1304 106 1264 138 1219 138 1217 138 1216 138 1215 138 1203 149 1158 155 1163 182"/></Shape>
	    <String CONTENT=" les donne et legue a Francois"
                    HPOS="1158"
                    VPOS="32"
                    WIDTH="834"
                    HEIGHT="162"
                    WC="0.9820688048998515"></String>
          </TextLine>
          <TextLine ID="eSc_line_2ba8a821"
                    TAGREFS="LT334"
                    BASELINE="1835 144 1985 137" 
                    HPOS="1833"
                    VPOS="84"
                    WIDTH="152"
                    HEIGHT="90">
            <Shape><Polygon POINTS="1835 144 1836 174 1859 174 1859 173 1860 173 1861 173 1861 172 1866 167 1880 153 1899 155 1900 155 1902 155 1917 147 1929 154 1943 163 1944 163 1946 163 1947 163 1948 163 1985 143 1985 137 1978 87 1972 93 1963 89 1959 86 1958 86 1956 86 1955 86 1934 92 1925 93 1924 92 1915 84 1914 84 1912 84 1911 84 1868 85 1867 85 1866 85 1866 86 1853 100 1852 102 1833 102 1835 144"/></Shape>
	    <String CONTENT="1fr7"
                    HPOS="1833"
                    VPOS="84"
                    WIDTH="152"
                    HEIGHT="90"
                    WC="0.8419903218746185"></String>
          </TextLine>
          <TextLine ID="eSc_line_3bf4c9e8"
                    TAGREFS="LT334"
                    BASELINE="242 270 1095 205" 
                    HPOS="238"
                    VPOS="149"
                    WIDTH="857"
                    HEIGHT="140">
            <Shape><Polygon POINTS="242 270 242 285 256 289 257 289 259 289 260 289 286 280 289 279 292 280 306 287 307 287 308 287 337 286 338 286 339 286 357 274 358 274 360 274 381 281 382 281 383 281 384 281 415 269 418 269 419 269 443 277 444 277 445 277 446 277 480 264 484 262 569 255 578 256 592 260 594 260 595 260 596 260 603 255 604 254 605 255 628 263 629 263 630 263 632 263 666 250 698 257 699 257 700 257 724 247 734 255 735 255 736 255 737 255 849 247 850 247 851 247 867 235 921 236 923 236 924 236 925 236 933 229 988 229 989 229 990 229 1018 222 1022 220 1025 220 1058 228 1059 228 1060 228 1062 228 1062 226 1071 217 1095 214 1095 205 1090 159 1076 161 1072 160 1050 149 1049 149 1047 149 1046 149 1045 149 1027 165 1007 180 887 188 866 179 843 169 842 169 841 169 840 169 838 169 816 184 798 195 747 199 725 192 710 187 709 187 708 187 706 187 683 197 676 199 671 198 642 186 641 186 640 186 639 186 611 194 598 185 597 185 596 185 595 185 560 186 559 186 558 186 522 211 513 218 499 218 484 218 481 214 456 195 455 195 453 195 452 195 343 203 342 203 311 219 289 211 288 211 287 211 286 211 285 211 285 212 260 236 238 237 242 270"/></Shape>
	    <String CONTENT="et les legs Cy dettus decomplis"
                    HPOS="238"
                    VPOS="149"
                    WIDTH="857"
                    HEIGHT="140"
                    WC="0.9864879077480685"></String>
          </TextLine>
          <TextLine ID="eSc_line_6c413821"
                    TAGREFS="LT334"
                    BASELINE="193 343 469 336 769 314 1069 282 1217 255 1634 194" 
                    HPOS="190"
                    VPOS="166"
                    WIDTH="1444"
                    HEIGHT="201">
            <Shape><Polygon POINTS="196 367 383 349 386 349 471 358 472 358 474 358 475 358 488 350 552 350 552 349 553 349 554 349 566 342 620 344 621 344 780 327 888 305 925 312 926 312 998 298 1057 298 1058 298 1059 298 1080 288 1106 293 1107 293 1185 285 1186 285 1236 263 1398 254 1399 254 1438 238 1448 242 1449 242 1450 242 1634 217 1634 194 1630 173 1573 173 1571 173 1570 173 1556 179 1552 180 1551 180 1514 166 1513 166 1512 166 1397 178 1396 178 1372 191 1343 186 1342 186 1341 186 1340 186 1314 201 1284 219 1196 228 1146 217 1132 214 1131 214 1129 214 1118 219 1100 228 1071 224 1045 220 1044 220 1043 220 1030 228 998 245 948 236 925 231 924 231 923 231 908 239 876 257 857 254 856 254 855 254 831 266 791 264 790 264 730 276 661 273 660 273 659 273 643 280 607 267 596 263 595 263 594 263 572 267 571 267 570 267 564 270 521 298 380 313 319 293 313 292 312 292 311 292 190 306 193 343 196 367"/></Shape>
	    <String CONTENT="Victor tBéritier mon filleut demeurant Cloit le"
                    HPOS="190"
                    VPOS="166"
                    WIDTH="1444"
                    HEIGHT="201"
                    WC="0.9701835918933788"></String>
          </TextLine>
          <TextLine ID="eSc_line_1cbd6989"
                    TAGREFS="LT334"
                    BASELINE="185 418 659 397 962 372 1230 331 1429 308 1794 235 1943 213 2067 207" 
                    HPOS="179"
                    VPOS="169"
                    WIDTH="1889"
                    HEIGHT="272">
            <Shape><Polygon POINTS="185 418 186 434 234 441 235 441 306 426 449 434 450 434 521 420 605 420 607 420 608 420 632 409 674 415 676 415 786 397 1144 365 1145 365 1236 342 1279 345 1280 345 1367 324 1499 317 1576 301 1577 301 1637 279 1637 277 2068 231 2067 207 2062 169 1878 188 1877 188 1874 188 1819 206 1769 201 1767 201 1766 201 1715 225 1644 231 1643 231 1574 250 1524 247 1523 247 1473 257 1410 248 1409 248 1407 248 1329 280 1258 275 1257 275 1229 281 1202 274 1201 274 1200 274 1198 274 1140 291 1090 283 1089 283 1088 283 1027 313 863 330 797 329 796 329 794 329 742 342 693 330 692 330 691 330 690 330 636 355 570 361 521 350 520 350 519 350 481 368 387 348 384 348 383 348 179 369 185 418"/></Shape>
	    <String CONTENT="Son Ceau Pese Dabitant a la Savanne le nommant et entrituant"
                    HPOS="179"
                    VPOS="169"
                    WIDTH="1889"
                    HEIGHT="272"
                    WC="0.9723980247974395"></String>
          </TextLine>
          <TextLine ID="eSc_line_413cec5d"
                    TAGREFS="LT334"
                    BASELINE="204 503 406 485 785 463 983 444 1295 401 1415 396" 
                    HPOS="200"
                    VPOS="342"
                    WIDTH="1215"
                    HEIGHT="187">
            <Shape><Polygon POINTS="204 503 206 529 297 517 298 517 330 503 447 494 462 500 463 500 464 500 542 486 566 494 567 494 569 494 573 492 648 476 683 482 702 485 703 485 863 470 864 470 882 462 889 459 897 460 919 465 920 465 921 465 938 457 945 453 954 454 977 460 979 460 980 460 981 460 996 451 998 451 999 451 1044 451 1045 451 1089 441 1090 441 1091 441 1112 446 1113 446 1114 446 1115 446 1137 437 1145 433 1151 435 1170 443 1171 443 1172 443 1173 443 1223 428 1227 427 1229 427 1255 435 1257 435 1258 435 1259 435 1260 435 1277 422 1281 419 1355 413 1362 414 1380 418 1381 418 1382 418 1415 408 1415 396 1407 342 1318 350 1317 350 1316 350 1315 351 1277 376 1217 377 1216 377 1195 387 1065 396 984 388 936 383 935 383 933 383 899 397 854 418 798 421 762 413 750 410 749 410 748 410 734 416 729 418 724 418 685 410 684 410 683 410 681 410 660 425 657 426 651 425 616 419 615 419 614 419 564 434 551 439 545 437 538 434 537 434 535 434 534 434 523 439 507 448 466 451 455 447 407 431 406 431 405 431 348 435 346 435 316 451 282 452 281 452 280 452 251 470 200 475 204 503"/></Shape>
	    <String CONTENT="par le présent pour mon legataire univertel"
                    HPOS="200"
                    VPOS="342"
                    WIDTH="1215"
                    HEIGHT="187"
                    WC="0.9990903180699016"></String>
          </TextLine>
          <TextLine ID="eSc_line_6b92e1d3"
                    TAGREFS="LT334"
                    BASELINE="1765 475 1961 441 2053 439" 
                    HPOS="1760"
                    VPOS="394"
                    WIDTH="294"
                    HEIGHT="115">
            <Shape><Polygon POINTS="1765 475 1770 509 1822 502 1823 502 1824 502 1824 501 1826 501 1827 500 1838 484 1840 486 1841 486 1842 486 1843 486 1845 486 1846 486 1872 471 1898 471 1898 470 1899 470 1900 470 1900 469 1909 459 2054 453 2053 439 2047 407 2011 412 1982 394 1981 394 1980 394 1979 394 1947 399 1946 399 1944 399 1944 400 1943 400 1928 420 1914 425 1904 427 1899 427 1834 415 1833 415 1832 415 1830 415 1814 431 1802 426 1801 426 1800 426 1798 426 1797 426 1797 427 1783 443 1780 446 1760 446 1765 475"/></Shape>
	    <String CONTENT="e pendre"
                    HPOS="1760"
                    VPOS="394"
                    WIDTH="294"
                    HEIGHT="115"
                    WC="0.9998621270060539"></String>
          </TextLine>
          <TextLine ID="eSc_line_3cf60a0e"
                    TAGREFS="LT334"
                    BASELINE="318 563 660 549 1153 502 1487 448 1841 377 1941 367 2055 363" 
                    HPOS="313"
                    VPOS="324"
                    WIDTH="1743"
                    HEIGHT="256">
            <Shape><Polygon POINTS="318 563 319 580 413 571 419 571 532 572 533 572 534 572 550 564 578 571 579 571 580 571 626 564 662 571 664 571 665 571 700 555 804 555 805 555 1264 502 1265 502 1324 486 1391 486 1392 486 1393 486 1442 472 1470 475 1472 475 1473 475 1497 462 1523 469 1524 469 1525 469 1526 469 1548 458 1574 463 1575 463 1576 463 1620 439 1700 420 1701 419 2056 377 2055 363 2048 324 2023 336 1947 342 1923 338 1887 333 1886 333 1885 333 1884 333 1864 345 1857 350 1848 348 1820 339 1819 339 1817 339 1684 355 1683 355 1647 370 1584 367 1583 367 1582 367 1545 383 1507 401 1462 408 1392 403 1391 403 1390 403 1347 419 1324 419 1323 419 1322 419 1270 441 1233 437 1232 437 1230 437 1197 451 1056 466 1005 465 1003 465 1002 465 974 477 824 494 798 488 797 488 796 488 730 494 696 484 673 478 672 478 671 478 670 478 646 484 611 481 610 481 609 481 567 500 548 508 521 505 462 498 460 498 368 509 367 509 313 529 318 563"/></Shape>
	    <String CONTENT="Et pour Exicuter le prétent mon testament je choiti Luconme"
                    HPOS="313"
                    VPOS="324"
                    WIDTH="1743"
                    HEIGHT="256"
                    WC="0.9738309231855101"></String>
          </TextLine>
          <TextLine ID="eSc_line_3305fc50"
                    TAGREFS="LT334"
                    BASELINE="1574 507 1754 478" 
                    HPOS="1569"
                    VPOS="422"
                    WIDTH="187"
                    HEIGHT="106">
            <Shape><Polygon POINTS="1574 507 1577 528 1601 520 1613 521 1621 522 1622 522 1624 522 1636 516 1659 504 1671 508 1684 513 1685 513 1687 513 1720 508 1721 508 1722 508 1722 507 1734 494 1737 491 1756 489 1754 478 1744 422 1689 431 1688 431 1687 431 1687 432 1685 432 1676 444 1655 471 1645 466 1644 466 1643 466 1641 466 1640 466 1640 467 1639 467 1633 476 1569 479 1574 507"/></Shape>
	    <String CONTENT="pmie de"
                    HPOS="1569"
                    VPOS="422"
                    WIDTH="187"
                    HEIGHT="106"
                    WC="0.943611707006182"></String>
          </TextLine>
          <TextLine ID="eSc_line_7227b251"
                    TAGREFS="LT334"
                    BASELINE="223 647 712 625 1191 577 1278 558 1498 533" 
                    HPOS="218"
                    VPOS="496"
                    WIDTH="1281"
                    HEIGHT="173">
            <Shape><Polygon POINTS="223 647 224 669 412 649 480 649 576 650 577 650 840 624 925 624 925 623 926 623 960 614 1012 616 1013 616 1014 616 1015 616 1033 605 1058 610 1059 610 1060 610 1062 610 1078 599 1081 598 1089 598 1151 603 1152 603 1153 603 1154 603 1170 591 1173 589 1337 577 1341 577 1380 587 1381 587 1382 587 1384 587 1416 572 1469 579 1470 579 1472 579 1499 564 1498 533 1491 496 1469 505 1398 503 1388 503 1387 503 1386 503 1384 504 1336 529 1277 513 1276 513 1274 513 1242 515 1241 515 1240 515 1184 553 1094 557 1025 539 1024 539 1022 539 1021 539 980 560 955 557 954 557 952 557 916 573 894 565 893 565 892 565 891 565 889 565 868 578 703 591 670 592 646 583 645 583 643 583 642 583 617 596 539 580 538 580 537 580 499 596 459 580 458 580 457 580 456 580 455 580 436 592 340 585 339 585 218 593 223 647"/></Shape>
	    <String CONTENT="le Ce Dousteau pere mon Ancien Ame que"
                    HPOS="218"
                    VPOS="496"
                    WIDTH="1281"
                    HEIGHT="173"
                    WC="0.9881207770422885"></String>
          </TextLine>
          <TextLine ID="eSc_line_78642bbf"
                    TAGREFS="LT334"
                    BASELINE="1535 589 1641 578 1696 560 1756 552 1943 544" 
                    HPOS="1531"
                    VPOS="500"
                    WIDTH="412"
                    HEIGHT="96">
            <Shape><Polygon POINTS="1535 589 1535 596 1625 592 1626 592 1641 586 1644 585 1649 585 1684 587 1685 587 1687 587 1704 579 1719 572 1754 573 1764 573 1765 573 1766 573 1767 573 1770 572 1784 563 1865 557 1876 560 1886 564 1887 564 1889 564 1890 564 1891 564 1891 563 1892 563 1896 558 1898 554 1943 552 1943 544 1941 519 1916 500 1915 500 1914 500 1912 500 1911 500 1874 511 1867 505 1866 505 1865 505 1864 505 1862 505 1843 513 1821 507 1820 507 1819 507 1817 507 1816 507 1795 520 1775 520 1773 520 1772 520 1771 520 1771 521 1770 521 1763 529 1734 514 1733 514 1732 514 1691 516 1690 516 1689 516 1689 517 1662 544 1660 545 1611 547 1592 532 1592 530 1590 530 1589 530 1588 530 1587 530 1586 530 1586 532 1567 551 1567 552 1531 553 1535 589"/></Shape>
	    <String CONTENT="Son Ainêtie"
                    HPOS="1531"
                    VPOS="500"
                    WIDTH="412"
                    HEIGHT="96"
                    WC="0.9996785954995588"></String>
          </TextLine>
          <TextLine ID="eSc_line_e5071a92"
                    TAGREFS="LT334"
                    BASELINE="229 725 584 711 843 692 1041 671 1434 615" 
                    HPOS="224"
                    VPOS="583"
                    WIDTH="1212"
                    HEIGHT="165">
            <Shape><Polygon POINTS="229 725 230 748 361 737 367 738 381 743 382 743 383 743 384 743 386 743 395 737 401 732 480 726 487 729 497 735 499 735 500 735 501 735 525 726 529 725 541 725 601 726 602 726 603 726 604 726 616 719 617 719 668 725 670 725 729 712 739 717 740 717 741 717 848 703 879 706 880 706 881 706 902 697 921 688 950 693 977 697 979 697 980 697 996 690 1009 684 1032 686 1058 690 1059 690 1060 690 1077 682 1101 673 1164 665 1220 667 1221 667 1222 667 1252 654 1329 663 1337 663 1339 663 1436 654 1434 615 1428 585 1399 583 1398 583 1397 583 1387 587 1367 599 1337 592 1336 592 1335 592 1334 592 1331 592 1280 606 1262 598 1259 597 1258 597 1257 597 1255 597 1251 599 1202 625 1125 627 1087 614 1069 606 1068 606 1066 606 1065 606 1045 617 1025 627 1011 620 998 614 996 614 995 614 994 614 965 623 957 625 945 625 901 622 900 622 899 622 880 630 806 665 610 682 550 669 548 669 547 669 546 669 523 685 444 696 364 687 338 675 336 675 335 675 333 675 224 685 229 725"/></Shape>
	    <String CONTENT="la peure et mé Sonner lette dermiere marque"
                    HPOS="224"
                    VPOS="583"
                    WIDTH="1212"
                    HEIGHT="165"
                    WC="0.9683666062909503"></String>
          </TextLine>
          <TextLine ID="eSc_line_cf8c5fc8"
                    TAGREFS="LT334"
                    BASELINE="1560 667 1581 660 1804 630 1910 610 2053 606" 
                    HPOS="1552"
                    VPOS="570"
                    WIDTH="501"
                    HEIGHT="109">
            <Shape><Polygon POINTS="1560 667 1561 679 1725 659 1726 659 1727 659 1771 641 1798 649 1807 652 1808 652 1809 652 1810 652 1811 652 1811 650 1816 647 1832 633 1881 628 1910 634 1911 634 1912 634 1914 634 1914 633 1924 623 1950 625 1952 625 1953 625 1993 615 2009 621 2022 627 2023 627 2024 627 2025 627 2026 627 2026 625 2035 617 2038 615 2051 615 2053 606 2047 572 1922 579 1921 579 1920 579 1917 582 1908 587 1895 583 1884 579 1883 579 1881 579 1849 583 1848 583 1847 583 1847 584 1846 584 1845 586 1841 590 1835 587 1797 570 1796 570 1795 570 1677 589 1676 589 1675 589 1657 601 1644 609 1626 603 1599 593 1598 593 1596 593 1568 599 1567 599 1565 599 1565 601 1557 608 1555 610 1552 608 1560 667"/></Shape>
	    <String CONTENT="lesateur à jean"
                    HPOS="1552"
                    VPOS="570"
                    WIDTH="501"
                    HEIGHT="109"
                    WC="0.9923676490783692"></String>
          </TextLine>
          <TextLine ID="eSc_line_0170cd3c"
                    TAGREFS="LT334"
                    BASELINE="286 795 666 779 984 754 1361 703 1518 673" 
                    HPOS="281"
                    VPOS="649"
                    WIDTH="1239"
                    HEIGHT="178">
            <Shape><Polygon POINTS="286 795 287 814 321 813 323 813 365 827 367 827 368 827 369 827 437 802 438 802 480 813 481 813 482 813 561 810 649 795 651 795 652 795 666 785 714 792 715 792 758 783 791 788 792 788 894 772 983 770 1078 750 1109 753 1110 753 1112 753 1140 743 1163 748 1164 748 1165 748 1184 737 1235 736 1236 736 1262 726 1265 724 1339 719 1375 729 1377 729 1378 729 1379 729 1411 712 1412 711 1520 701 1518 673 1512 649 1480 660 1460 653 1451 650 1450 650 1449 650 1448 650 1430 655 1367 674 1344 665 1343 665 1342 665 1291 668 1290 668 1249 686 1104 690 1103 690 1072 703 960 712 875 701 874 701 873 701 841 718 798 711 797 711 796 711 763 719 733 712 718 710 717 710 716 710 705 715 660 738 620 728 619 728 557 728 523 728 522 728 521 728 520 728 516 730 489 747 427 737 421 737 420 737 281 749 286 795"/></Shape>
	    <String CONTENT="Re fut Ainti fait adicté mot a mot par les"
                    HPOS="281"
                    VPOS="649"
                    WIDTH="1239"
                    HEIGHT="178"
                    WC="0.9907574682008653"></String>
          </TextLine>
          <TextLine ID="eSc_line_0b7ec7fa"
                    TAGREFS="LT334"
                    BASELINE="203 886 971 833 1557 761 1748 726 1984 699 2102 693" 
                    HPOS="199"
                    VPOS="655"
                    WIDTH="1903"
                    HEIGHT="251">
            <Shape><Polygon POINTS="199 839 203 886 205 905 240 899 250 901 276 906 278 906 325 897 326 897 339 892 367 880 422 883 464 886 465 886 466 886 489 876 503 871 521 874 554 877 556 877 610 868 679 874 680 874 728 863 760 868 761 868 1121 835 1122 835 1189 813 1249 810 1292 816 1293 816 1460 780 1542 779 1543 779 1570 768 1617 777 1618 777 1619 777 1700 755 1716 749 2102 713 2102 693 2098 655 1903 673 1902 673 1887 680 1866 677 1865 677 1864 677 1701 692 1700 692 1641 718 1556 729 1555 729 1516 744 1472 741 1470 741 1469 741 1440 751 1381 739 1380 739 1379 739 1333 753 1262 743 1261 743 1260 743 1170 769 1099 770 1097 770 1071 781 1026 772 1025 772 1024 772 975 795 632 826 602 823 601 823 563 831 512 821 510 821 509 821 464 839 349 818 346 818 345 818 199 831 199 839"/></Shape>
	    <String CONTENT="itin notaire Joussigné, en Pictence Leissette Peange Soulaie Subignon"
                    HPOS="199"
                    VPOS="655"
                    WIDTH="1903"
                    HEIGHT="251"
                    WC="0.9764148748439291"></String>
          </TextLine>
          <TextLine ID="eSc_line_8aea15e3"
                    TAGREFS="LT334"
                    BASELINE="1362 850 1422 854 1583 839 1903 794 2062 791" 
                    HPOS="1358"
                    VPOS="749"
                    WIDTH="704"
                    HEIGHT="133">
            <Shape><Polygon POINTS="1362 850 1365 882 1382 881 1384 881 1385 881 1385 880 1400 867 1450 873 1451 873 1453 873 1454 873 1455 873 1497 858 1513 865 1517 867 1518 867 1519 867 1520 867 1527 863 1542 856 1579 857 1605 857 1606 857 1607 857 1608 857 1613 852 1622 845 1637 848 1638 848 1639 848 1640 848 1652 839 1675 839 1682 844 1688 848 1689 848 1690 848 1691 848 1693 848 1694 848 1703 840 1715 832 1737 837 1758 840 1759 840 1760 840 1761 840 1761 839 1763 839 1767 832 1772 827 1778 831 1790 837 1791 837 1792 837 1794 837 1811 827 1826 819 1870 816 1878 819 1892 824 1893 824 1895 824 1896 824 1914 814 1923 810 1952 810 2041 810 2042 810 2043 810 2044 810 2062 796 2062 791 2057 760 2013 763 2011 763 1973 749 1972 749 1971 749 1969 749 1915 770 1914 770 1912 770 1864 764 1862 764 1861 764 1860 764 1855 769 1845 761 1843 761 1842 761 1841 761 1840 761 1798 776 1789 768 1788 768 1786 768 1785 768 1720 774 1719 774 1718 774 1718 775 1706 787 1695 799 1656 804 1488 818 1468 806 1462 802 1461 802 1460 802 1459 802 1457 802 1441 808 1405 821 1398 816 1398 814 1397 814 1396 814 1394 814 1358 814 1362 850"/></Shape>
	    <String CONTENT="dIderingun demeurant"
                    HPOS="1358"
                    VPOS="749"
                    WIDTH="704"
                    HEIGHT="133"
                    WC="0.9704336494207382"></String>
          </TextLine>
          <TextLine ID="eSc_line_afe8a881"
                    TAGREFS="LT334"
                    BASELINE="197 968 388 957 592 938 1022 913 1349 873" 
                    HPOS="193"
                    VPOS="830"
                    WIDTH="1156"
                    HEIGHT="154">
            <Shape><Polygon POINTS="197 968 198 983 244 978 256 979 282 984 283 984 285 984 286 984 297 977 299 976 307 976 361 977 362 977 363 977 394 969 407 964 523 956 528 957 538 960 539 960 540 960 571 953 583 951 588 952 605 958 607 958 608 958 609 958 633 949 652 957 653 957 654 957 685 956 686 956 710 946 862 941 863 941 885 932 905 938 906 938 907 938 1082 924 1083 924 1127 913 1184 915 1185 915 1186 915 1209 903 1349 888 1349 873 1346 843 1303 839 1302 839 1300 839 1271 848 1222 830 1221 830 1220 830 1197 831 1165 835 1164 835 1163 835 1121 861 1108 869 979 878 944 875 916 871 914 871 913 871 900 878 886 886 857 887 841 883 774 865 773 865 772 865 491 889 490 889 489 889 460 909 439 915 403 926 321 926 320 926 319 926 299 933 285 927 274 924 273 924 272 924 270 924 255 930 241 935 193 935 197 968"/></Shape>
	    <String CONTENT="ne gociant de Charles Francois Conacau"
                    HPOS="193"
                    VPOS="830"
                    WIDTH="1156"
                    HEIGHT="154"
                    WC="0.9906551539897919"></String>
          </TextLine>
          <TextLine ID="eSc_line_15b7feab"
                    TAGREFS="LT334"
                    BASELINE="1179 971 1425 954 1470 943 1664 912 1891 890 1961 877 2059 875" 
                    HPOS="1173"
                    VPOS="838"
                    WIDTH="886"
                    HEIGHT="163">
            <Shape><Polygon POINTS="1179 971 1182 1001 1267 994 1268 994 1270 994 1273 990 1293 977 1315 985 1323 988 1324 988 1325 988 1384 982 1385 982 1418 971 1457 959 1474 964 1486 968 1487 968 1488 968 1489 968 1491 968 1500 960 1518 949 1551 944 1570 951 1571 951 1573 951 1574 951 1575 951 1601 933 1627 944 1655 954 1656 954 1657 954 1681 952 1682 952 1683 952 1704 934 1714 925 1753 918 1778 921 1779 921 1780 921 1782 921 1791 913 1909 906 1911 907 1924 913 1925 913 1927 913 1928 913 1929 913 1946 902 1955 896 2059 887 2059 875 2055 851 2017 855 2015 855 1972 838 1971 838 1969 838 1968 838 1967 838 1943 858 1877 838 1876 838 1874 838 1873 838 1872 838 1851 857 1819 845 1817 845 1816 845 1763 850 1761 850 1760 850 1760 851 1738 871 1707 856 1706 856 1704 856 1615 864 1614 864 1613 864 1613 865 1582 892 1574 899 1549 895 1521 890 1520 890 1519 890 1502 899 1482 909 1397 916 1385 909 1371 900 1369 900 1368 900 1367 900 1366 900 1365 900 1352 911 1296 913 1295 913 1285 918 1258 932 1234 933 1203 925 1185 920 1184 920 1183 920 1182 920 1180 920 1173 924 1179 971"/></Shape>
	    <String CONTENT="appelles a laNrequibitioin e et"
                    HPOS="1173"
                    VPOS="838"
                    WIDTH="886"
                    HEIGHT="163"
                    WC="0.9646110169349178"></String>
          </TextLine>
          <TextLine ID="eSc_line_11ba6ecd"
                    TAGREFS="LT334"
                    BASELINE="209 1044 510 1030 677 1015 1114 989" 
                    HPOS="205"
                    VPOS="933"
                    WIDTH="909"
                    HEIGHT="128">
            <Shape><Polygon POINTS="209 1044 211 1061 224 1055 260 1059 278 1060 279 1060 280 1060 281 1060 285 1058 295 1051 342 1054 371 1057 373 1057 374 1057 384 1052 401 1046 417 1051 425 1053 426 1053 427 1053 538 1047 539 1047 546 1044 561 1035 586 1041 597 1044 598 1044 600 1044 601 1044 605 1040 614 1036 678 1036 718 1036 720 1036 721 1036 729 1034 750 1027 765 1032 767 1033 768 1033 769 1033 771 1033 772 1033 773 1032 785 1022 809 1029 810 1029 811 1029 812 1029 813 1029 828 1020 891 1026 904 1026 905 1026 906 1026 911 1025 937 1014 961 1021 962 1021 963 1021 964 1021 965 1021 965 1020 975 1011 1070 1006 1083 1015 1084 1015 1085 1015 1087 1015 1114 1013 1114 989 1107 933 1024 960 1003 960 988 949 987 949 986 949 984 949 983 949 958 959 937 952 936 952 935 952 933 952 932 952 902 973 860 953 849 949 848 949 847 949 845 949 844 949 835 956 815 969 797 958 786 952 785 952 784 952 716 962 679 958 678 958 677 958 654 970 615 991 547 992 527 981 520 976 519 976 518 976 516 976 515 976 514 976 504 982 480 998 365 1004 351 995 332 981 331 981 330 981 310 979 308 979 235 984 234 984 232 984 205 1003 209 1044"/></Shape>
	    <String CONTENT="Se purement en Cette Ville, te moins"
                    HPOS="205"
                    VPOS="933"
                    WIDTH="909"
                    HEIGHT="128"
                    WC="0.976924694246716"></String>
          </TextLine>
          <TextLine ID="eSc_line_6715e816"
                    TAGREFS="LT334"
                    BASELINE="256 1122 766 1083 1024 1069 1426 1033 1494 1021 1631 1013 1712 994 1836 978 2040 972" 
                    HPOS="253"
                    VPOS="941"
                    WIDTH="1787"
                    HEIGHT="193">
            <Shape><Polygon POINTS="256 1122 256 1134 643 1117 645 1117 722 1097 753 1089 790 1091 872 1096 873 1096 921 1088 948 1093 949 1093 950 1093 1041 1086 1043 1086 1065 1078 1094 1080 1095 1080 1096 1080 1125 1071 1153 1077 1154 1077 1238 1071 1353 1051 1403 1055 1404 1055 1405 1055 1430 1046 1450 1048 1451 1048 1453 1048 1508 1030 1510 1030 1514 1030 1596 1030 1596 1029 1598 1029 1621 1021 1622 1021 1625 1021 1666 1025 1668 1025 1669 1025 1693 1015 1700 1011 2038 985 2040 972 2037 950 1868 941 1867 941 1783 959 1748 950 1747 950 1746 950 1662 954 1558 963 1557 963 1459 994 1459 995 1368 1001 1367 1001 1328 992 1327 992 1325 992 1296 1007 1296 1008 1289 1008 1194 1009 1192 1009 1175 1016 1173 1016 1145 1009 1144 1009 1142 1009 1141 1009 1122 1019 1090 1013 1089 1013 1088 1013 1075 1019 1038 1008 1037 1008 1036 1008 1034 1008 1003 1022 977 1019 976 1019 975 1019 949 1030 854 1041 850 1041 849 1041 762 1025 761 1025 714 1032 712 1032 658 1057 605 1060 561 1064 560 1064 485 1046 484 1046 401 1053 400 1053 364 1067 340 1064 339 1064 338 1064 295 1085 253 1088 256 1122"/></Shape>
	    <String CONTENT="testateur, Auquel le prétent son testament a éte lu Loreta un"
                    HPOS="253"
                    VPOS="941"
                    WIDTH="1787"
                    HEIGHT="193"
                    WC="0.9961465518982684"></String>
          </TextLine>
          <TextLine ID="eSc_line_f27eb59c"
                    TAGREFS="LT334"
                    BASELINE="1704 1070 1918 1052 2063 1046" 
                    HPOS="1701"
                    VPOS="997"
                    WIDTH="362"
                    HEIGHT="83">
            <Shape><Polygon POINTS="1704 1070 1704 1079 1804 1080 1805 1080 1807 1080 1848 1070 1872 1076 1873 1076 1874 1076 1876 1076 1893 1066 1923 1072 1924 1072 1925 1072 1942 1063 1949 1070 1950 1070 1952 1070 1953 1070 1977 1069 2062 1053 2063 1046 2060 1009 2049 1003 2048 1003 2047 1003 2045 1003 2044 1003 2044 1004 2038 1009 2025 997 2024 997 2023 997 2022 997 2020 997 1985 1009 1978 1002 1977 1002 1975 1002 1974 1002 1940 1003 1939 1003 1937 1003 1924 1013 1914 1004 1912 1004 1911 1004 1910 1004 1889 1006 1887 1006 1848 1026 1782 1028 1770 1020 1769 1020 1767 1020 1766 1020 1765 1020 1764 1020 1748 1033 1701 1035 1704 1070"/></Shape>
	    <String CONTENT="Bessitte el"
                    HPOS="1701"
                    VPOS="997"
                    WIDTH="362"
                    HEIGHT="83"
                    WC="0.9999792738394304"></String>
          </TextLine>
          <TextLine ID="eSc_line_365046a0"
                    TAGREFS="LT334"
                    BASELINE="260 1196 1045 1147 1450 1109 1550 1091 1680 1084" 
                    HPOS="259"
                    VPOS="1040"
                    WIDTH="1422"
                    HEIGHT="177">
            <Shape><Polygon POINTS="261 1217 350 1203 428 1205 449 1205 450 1205 451 1205 457 1203 485 1191 508 1198 514 1200 515 1200 516 1200 564 1194 604 1188 638 1188 706 1188 706 1187 708 1187 730 1180 762 1171 785 1175 806 1180 807 1180 893 1174 894 1174 921 1165 929 1162 933 1164 952 1169 954 1169 955 1169 956 1169 996 1159 1001 1158 1006 1158 1060 1162 1062 1162 1166 1145 1170 1145 1171 1145 1207 1148 1208 1148 1209 1148 1234 1139 1252 1133 1277 1135 1295 1137 1296 1137 1297 1137 1308 1133 1321 1128 1348 1129 1377 1131 1378 1131 1426 1123 1456 1118 1475 1120 1505 1121 1506 1121 1507 1121 1519 1116 1525 1112 1681 1102 1680 1084 1677 1052 1631 1040 1630 1040 1537 1052 1469 1052 1468 1052 1467 1052 1440 1065 1396 1059 1394 1059 1393 1059 1363 1066 1327 1061 1325 1061 1223 1069 1222 1069 1202 1077 1141 1074 1140 1074 1139 1074 1104 1092 1068 1111 1030 1101 1028 1101 1027 1101 1026 1101 995 1117 912 1117 911 1117 863 1126 775 1116 763 1115 762 1115 761 1115 755 1117 711 1137 491 1152 465 1143 464 1143 463 1143 437 1148 403 1142 400 1142 399 1142 398 1142 395 1142 350 1159 321 1153 320 1153 283 1160 259 1153 260 1196 261 1217"/></Shape>
	    <String CONTENT="mot Après tautre, a ceclare Toien Eentendre Qu&#x27;il y"
                    HPOS="259"
                    VPOS="1040"
                    WIDTH="1422"
                    HEIGHT="177"
                    WC="0.9841299010258094"></String>
          </TextLine>
          <TextLine ID="eSc_line_b341a96d"
                    TAGREFS="LT334"
                    BASELINE="279 1272 398 1268 1272 1204 1358 1191 1514 1178 1612 1161 1954 1134 2062 1129" 
                    HPOS="275"
                    VPOS="1085"
                    WIDTH="1787"
                    HEIGHT="206">
            <Shape><Polygon POINTS="279 1272 280 1291 489 1267 613 1264 718 1262 720 1262 754 1253 777 1248 798 1249 868 1256 869 1256 931 1251 932 1251 952 1242 1026 1244 1027 1244 1219 1230 1340 1205 1346 1204 1349 1204 1371 1209 1372 1209 1373 1209 1392 1200 1399 1198 1417 1198 1467 1200 1468 1200 1469 1200 1483 1193 1488 1191 1497 1192 1563 1202 1564 1202 1565 1202 1608 1183 1618 1178 1690 1175 1789 1172 1823 1165 1838 1162 1845 1164 1915 1173 1916 1173 1917 1173 1977 1152 1979 1150 2062 1145 2062 1129 2057 1085 2006 1089 2005 1089 2004 1089 1966 1105 1884 1105 1883 1105 1881 1105 1862 1114 1824 1103 1822 1103 1821 1103 1820 1103 1786 1105 1785 1105 1779 1107 1702 1130 1666 1126 1665 1126 1664 1126 1611 1141 1483 1147 1434 1135 1423 1133 1422 1133 1315 1142 1314 1142 1308 1145 1289 1154 1245 1150 1217 1148 1216 1148 1121 1155 1120 1155 1099 1162 1045 1179 968 1175 967 1175 965 1175 930 1192 878 1194 818 1185 790 1180 788 1180 735 1191 653 1209 621 1203 620 1203 619 1203 579 1218 422 1229 381 1219 377 1219 376 1219 316 1221 275 1228 279 1272"/></Shape>
	    <String CONTENT="Veut icelui du Caceute Selon Su fame Lteneurr, teclarant re v^e ques"
                    HPOS="275"
                    VPOS="1085"
                    WIDTH="1787"
                    HEIGHT="206"
                    WC="0.9800347782233182"></String>
          </TextLine>
          <TextLine ID="eSc_line_c3468013"
                    TAGREFS="LT334"
                    BASELINE="288 1345 489 1339 899 1305 1184 1289 1916 1225 2063 1222" 
                    HPOS="283"
                    VPOS="1158"
                    WIDTH="1780"
                    HEIGHT="213">
            <Shape><Polygon POINTS="288 1345 289 1367 343 1371 344 1371 345 1371 373 1361 374 1361 381 1361 438 1361 439 1361 440 1361 456 1355 459 1352 638 1338 756 1330 772 1331 800 1335 801 1335 870 1324 889 1321 895 1321 935 1327 936 1327 1102 1314 1169 1301 1179 1300 1184 1300 1204 1306 1205 1306 1207 1306 1298 1292 1312 1291 1320 1291 1365 1293 1366 1293 1367 1293 1381 1286 1392 1281 1412 1283 1429 1286 1430 1286 1431 1286 1444 1281 1463 1275 1514 1275 1516 1275 1567 1266 1599 1270 1622 1273 1624 1273 1655 1266 1690 1257 1712 1261 1729 1264 1731 1264 1775 1257 1805 1251 1819 1254 1834 1256 1835 1256 1994 1243 1996 1243 2003 1240 2016 1234 2063 1235 2063 1222 2055 1158 1947 1183 1865 1181 1864 1181 1770 1198 1659 1188 1657 1188 1656 1188 1655 1188 1653 1188 1615 1203 1587 1200 1586 1200 1584 1200 1545 1217 1366 1230 1311 1222 1310 1222 1309 1222 1276 1237 1235 1235 1234 1235 1082 1253 1015 1238 1012 1238 1011 1238 1009 1238 1007 1240 954 1261 870 1254 869 1254 868 1254 823 1270 773 1257 771 1257 769 1257 768 1257 760 1259 716 1268 671 1266 664 1266 662 1266 661 1266 655 1267 613 1278 578 1273 575 1273 573 1273 550 1275 418 1292 283 1295 288 1345"/></Shape>
	    <String CONTENT="Lannieller tous Cutres testaments faits Avant le pretent Auquel"
                    HPOS="283"
                    VPOS="1158"
                    WIDTH="1780"
                    HEIGHT="213"
                    WC="0.9741967159604269"></String>
          </TextLine>
          <TextLine ID="eSc_line_442f8a80"
                    TAGREFS="LT334"
                    BASELINE="287 1431 578 1407 812 1395" 
                    HPOS="283"
                    VPOS="1339"
                    WIDTH="529"
                    HEIGHT="110">
            <Shape><Polygon POINTS="287 1431 288 1446 301 1443 307 1445 314 1449 316 1449 317 1449 318 1449 319 1449 319 1447 320 1447 323 1444 325 1440 329 1444 333 1447 335 1447 336 1447 337 1447 356 1446 357 1446 370 1440 394 1430 417 1434 418 1434 419 1434 439 1428 447 1434 449 1434 450 1434 451 1434 452 1434 453 1434 493 1421 547 1419 567 1425 569 1425 570 1425 571 1425 572 1425 583 1417 598 1424 610 1428 611 1428 613 1428 670 1424 671 1424 672 1424 681 1418 686 1414 690 1417 695 1421 696 1421 697 1421 698 1421 733 1420 734 1420 749 1412 766 1403 772 1409 773 1409 774 1409 775 1409 812 1407 812 1395 807 1348 733 1352 729 1352 704 1350 693 1341 693 1339 692 1339 691 1339 690 1339 601 1341 600 1341 598 1341 598 1342 573 1363 573 1364 550 1365 548 1365 518 1348 516 1348 515 1348 514 1348 513 1348 513 1349 507 1354 501 1348 500 1348 499 1348 497 1348 496 1348 495 1348 495 1349 476 1365 431 1352 430 1352 428 1352 401 1355 400 1355 399 1355 376 1373 346 1360 345 1360 344 1360 343 1360 342 1360 314 1382 283 1383 287 1431"/></Shape>
	    <String CONTENT="Seul il S&#x27;anite."
                    HPOS="283"
                    VPOS="1339"
                    WIDTH="529"
                    HEIGHT="110"
                    WC="0.9748307280242443"></String>
          </TextLine>
          <TextLine ID="eSc_line_fc858c0e"
                    TAGREFS="LT334"
                    BASELINE="403 1484 887 1456 1253 1420 1488 1407 1650 1392 2055 1371" 
                    HPOS="400"
                    VPOS="1310"
                    WIDTH="1655"
                    HEIGHT="194">
            <Shape><Polygon POINTS="482 1415 476 1415 433 1436 428 1438 400 1438 403 1484 405 1504 485 1494 508 1498 512 1498 513 1498 514 1498 516 1497 534 1489 622 1489 623 1489 687 1475 822 1475 892 1474 954 1464 969 1462 987 1462 1087 1460 1088 1460 1118 1452 1161 1439 1233 1436 1284 1439 1337 1444 1339 1444 1394 1431 1435 1421 1537 1415 1552 1419 1564 1422 1565 1422 1567 1422 1568 1422 1593 1417 1617 1411 1641 1413 1660 1414 1662 1414 1663 1414 1674 1411 1685 1405 1808 1398 1824 1399 1872 1403 1873 1403 1874 1403 1909 1393 1917 1390 1922 1392 1947 1398 1948 1398 1949 1398 1950 1398 1985 1387 1990 1384 2054 1381 2055 1371 2049 1330 1971 1332 1887 1310 1886 1310 1885 1310 1884 1310 1828 1327 1751 1318 1750 1318 1748 1318 1688 1338 1645 1325 1644 1325 1643 1325 1406 1346 1362 1344 1361 1344 1360 1344 1299 1361 1234 1354 1233 1354 1232 1354 1167 1373 1107 1363 1106 1363 1072 1368 1071 1368 1021 1393 948 1396 946 1396 931 1402 924 1405 907 1403 875 1402 874 1402 873 1402 859 1407 851 1411 779 1412 670 1417 639 1421 617 1425 608 1424 554 1415 553 1415 552 1415 527 1425 487 1414 482 1415"/></Shape>
	    <String CONTENT="fait a pasté en Crevet duns la Chaiibre Aydit testateur a"
                    HPOS="400"
                    VPOS="1310"
                    WIDTH="1655"
                    HEIGHT="194"
                    WC="0.9569286191672609"></String>
          </TextLine>
          <TextLine ID="eSc_line_702c6064"
                    TAGREFS="LT334"
                    BASELINE="283 1566 715 1544 1074 1519 1261 1500 1571 1490 2028 1458" 
                    HPOS="279"
                    VPOS="1407"
                    WIDTH="1749"
                    HEIGHT="176">
            <Shape><Polygon POINTS="283 1566 285 1583 424 1566 472 1571 478 1571 480 1571 490 1570 540 1561 622 1561 652 1561 652 1560 662 1558 695 1551 720 1554 731 1555 733 1555 752 1552 785 1546 853 1546 905 1546 905 1545 906 1545 920 1541 949 1533 965 1538 967 1538 968 1538 1142 1531 1172 1525 1203 1516 1350 1512 1573 1504 1644 1493 1655 1491 1662 1491 1726 1495 1727 1495 1728 1495 1763 1484 1770 1483 1784 1483 1839 1485 1840 1485 1841 1485 1866 1477 1870 1476 2026 1466 2028 1458 2022 1407 1966 1414 1965 1414 1927 1431 1808 1419 1779 1417 1778 1417 1777 1417 1765 1421 1712 1445 1358 1464 1315 1455 1314 1455 1312 1455 1259 1471 1171 1460 1170 1460 1169 1460 1129 1474 1083 1464 1082 1464 1081 1464 1037 1476 1000 1465 993 1464 992 1464 990 1464 817 1475 816 1475 811 1477 793 1484 754 1483 753 1483 752 1483 708 1502 620 1510 528 1493 523 1493 522 1493 508 1494 419 1507 392 1501 389 1501 388 1501 279 1507 283 1566"/></Shape>
	    <String CONTENT="Coté de son lit; la d^e Chambie Ayant Cntrie par une Varanque"
                    HPOS="279"
                    VPOS="1407"
                    WIDTH="1749"
                    HEIGHT="176"
                    WC="0.9921738476049705"></String>
          </TextLine>
          <TextLine ID="eSc_line_573067be"
                    TAGREFS="LT334"
                    BASELINE="279 1640 604 1623 855 1599 1259 1573 1674 1558 1876 1540 2038 1538" 
                    HPOS="275"
                    VPOS="1491"
                    WIDTH="1763"
                    HEIGHT="164">
            <Shape><Polygon POINTS="279 1640 280 1655 485 1646 487 1646 499 1642 509 1639 560 1639 633 1639 633 1637 634 1637 645 1633 655 1628 684 1630 716 1633 717 1633 718 1633 742 1627 787 1614 910 1608 938 1614 939 1614 940 1614 942 1614 943 1614 975 1604 1003 1610 1019 1613 1020 1613 1118 1610 1179 1598 1228 1589 1435 1578 1459 1582 1504 1588 1505 1588 1645 1580 1646 1580 1706 1565 1709 1565 1712 1565 1747 1571 1748 1571 1750 1571 1777 1561 1804 1569 1805 1569 1807 1569 1808 1569 1845 1558 1917 1561 1918 1561 1920 1561 1944 1550 2038 1544 2038 1538 2035 1502 1999 1502 1965 1491 1963 1491 1962 1491 1859 1509 1845 1512 1840 1510 1803 1498 1802 1498 1801 1498 1800 1498 1756 1514 1745 1519 1474 1533 1451 1528 1393 1514 1392 1514 1318 1532 1290 1525 1289 1525 1287 1525 1286 1525 1252 1536 1223 1548 1179 1550 1138 1542 1080 1532 1078 1532 1007 1536 1006 1536 983 1546 954 1540 952 1540 824 1546 823 1546 780 1558 740 1570 697 1563 659 1555 658 1555 556 1561 519 1570 509 1572 488 1572 462 1571 460 1571 459 1571 450 1573 399 1588 299 1589 275 1582 279 1640"/></Shape>
	    <String CONTENT="et Vui sur la Cour de sou Etablissement Rui de lEglis Antoit"
                    HPOS="275"
                    VPOS="1491"
                    WIDTH="1763"
                    HEIGHT="164"
                    WC="0.9881831089655558"></String>
          </TextLine>
          <TextLine ID="eSc_line_a68d052b"
                    TAGREFS="LT334"
                    BASELINE="283 1721 780 1684 1132 1664 1459 1648 2047 1630" 
                    HPOS="279"
                    VPOS="1588"
                    WIDTH="1768"
                    HEIGHT="142">
            <Shape><Polygon POINTS="283 1721 283 1730 403 1725 405 1725 432 1715 494 1721 496 1721 497 1721 503 1721 588 1709 608 1715 609 1715 610 1715 620 1715 717 1704 730 1709 731 1709 733 1709 734 1709 735 1709 739 1708 788 1693 963 1691 964 1691 983 1685 1009 1690 1011 1690 1012 1690 1033 1683 1071 1687 1072 1687 1169 1675 1215 1680 1216 1680 1265 1671 1300 1679 1310 1680 1311 1680 1373 1677 1374 1677 1380 1674 1407 1664 1478 1670 1501 1671 1502 1671 1539 1666 1608 1656 1649 1660 1664 1661 1665 1661 1666 1661 1675 1659 1700 1652 1739 1655 1764 1658 1765 1658 1766 1658 1776 1653 1794 1646 1821 1652 1826 1652 1827 1652 1843 1651 1934 1637 1963 1643 1975 1646 1977 1646 2047 1639 2047 1630 2043 1588 1839 1597 1823 1595 1784 1589 1783 1589 1782 1589 1761 1597 1752 1602 1619 1609 1588 1609 1576 1604 1554 1596 1552 1596 1551 1596 1502 1604 1459 1592 1457 1592 1456 1592 1455 1592 1393 1610 1359 1621 1334 1613 1315 1607 1314 1607 1272 1604 1271 1604 1190 1613 1171 1607 1170 1607 1169 1607 1074 1611 1033 1614 1032 1614 999 1624 951 1641 886 1629 851 1623 850 1623 798 1626 797 1626 780 1633 774 1635 766 1634 740 1628 739 1628 677 1632 676 1632 660 1637 610 1656 547 1661 466 1645 455 1642 453 1642 425 1646 371 1653 279 1652 283 1721"/></Shape>
	    <String CONTENT="Nord Ouest iste de France Ou le d&#x27; Nolaie et temoins Sonstgné"
                    HPOS="279"
                    VPOS="1588"
                    WIDTH="1768"
                    HEIGHT="142"
                    WC="0.97539784380647"></String>
          </TextLine>
          <TextLine ID="eSc_line_76db297e"
                    TAGREFS="LT334"
                    BASELINE="278 1786 641 1778 736 1769 801 1756 1292 1725 1637 1724 2005 1713" 
                    HPOS="275"
                    VPOS="1661"
                    WIDTH="1730"
                    HEIGHT="142">
            <Shape><Polygon POINTS="278 1786 279 1803 466 1797 485 1794 518 1788 604 1788 684 1788 685 1788 720 1784 825 1766 899 1770 900 1770 963 1757 1032 1765 1033 1765 1096 1749 1191 1744 1493 1735 1573 1744 1596 1747 1598 1747 1599 1747 1608 1742 1624 1735 1683 1735 1697 1738 1716 1744 1718 1744 1719 1744 1720 1744 1739 1738 1816 1746 1817 1746 1886 1735 1960 1738 1961 1738 1962 1738 2005 1724 2005 1713 2003 1668 1973 1661 1972 1661 1971 1661 1969 1661 1946 1672 1899 1693 1867 1694 1802 1694 1751 1679 1691 1662 1690 1662 1689 1662 1276 1678 1219 1689 1217 1689 1186 1703 1173 1708 1123 1705 1087 1703 1085 1703 1066 1708 1050 1711 1037 1709 1015 1703 1014 1703 1013 1703 1012 1703 986 1710 962 1717 925 1713 924 1713 835 1734 507 1744 451 1741 427 1732 370 1716 369 1716 368 1716 275 1738 278 1786"/></Shape>
	    <String CONTENT="Se sont Eeprès transportés lan Sept de la Rep^t francaite"
                    HPOS="275"
                    VPOS="1661"
                    WIDTH="1730"
                    HEIGHT="142"
                    WC="0.9809244552202392"></String>
          </TextLine>
          <TextLine ID="eSc_line_0510f816"
                    TAGREFS="LT334"
                    BASELINE="292 1864 477 1858 564 1848 755 1839 1217 1800 2082 1791" 
                    HPOS="289"
                    VPOS="1732"
                    WIDTH="1793"
                    HEIGHT="144">
            <Shape><Polygon POINTS="292 1864 293 1876 535 1870 537 1870 544 1868 553 1863 645 1863 744 1864 746 1864 747 1864 760 1860 804 1841 911 1837 987 1848 988 1848 1034 1841 1063 1848 1064 1848 1065 1848 1066 1848 1120 1839 1185 1844 1202 1844 1203 1844 1204 1844 1208 1843 1242 1827 1289 1826 1372 1837 1434 1844 1435 1844 1482 1843 1483 1843 1514 1831 1548 1818 1609 1818 1638 1826 1639 1826 1640 1826 1641 1826 1695 1816 1737 1823 1757 1826 1758 1826 1759 1826 1777 1822 1817 1810 1966 1807 2010 1813 2041 1817 2042 1817 2081 1810 2082 1791 2079 1754 1902 1732 1900 1732 1899 1732 1830 1751 1786 1736 1785 1736 1784 1736 1614 1741 1613 1741 1535 1770 1529 1772 1485 1772 1404 1770 1344 1749 1343 1749 1342 1749 1291 1750 1290 1750 1233 1767 1180 1754 1179 1754 1178 1754 1080 1756 1078 1756 1062 1763 1033 1760 1032 1760 916 1788 911 1791 744 1794 741 1794 676 1780 674 1780 673 1780 639 1789 591 1784 590 1784 516 1800 401 1789 400 1789 399 1789 358 1806 289 1807 292 1864"/></Shape>
	    <String CONTENT="uni Risdᵉ le dix neuf metlidor sepl heuris du dlare La ledit"
                    HPOS="289"
                    VPOS="1732"
                    WIDTH="1793"
                    HEIGHT="144"
                    WC="0.9434660285711288"></String>
          </TextLine>
          <TextLine ID="eSc_line_9b03ee61"
                    TAGREFS="LT334"
                    BASELINE="1254 1895 1303 1893" 
                    HPOS="1252"
                    VPOS="1854"
                    WIDTH="52"
                    HEIGHT="71">
            <Shape><Polygon POINTS="1254 1895 1254 1918 1274 1925 1276 1925 1277 1925 1304 1920 1303 1893 1300 1856 1252 1854 1254 1895"/></Shape>
	    <String CONTENT="1"
                    HPOS="1252"
                    VPOS="1854"
                    WIDTH="52"
                    HEIGHT="71"
                    WC="0.9999507665634155"></String>
          </TextLine>
        </TextBlock>
        <TextBlock HPOS="23"
                   VPOS="1130"
                   WIDTH="23"
                   HEIGHT="32"
                   ID="eSc_textblock_514a04cb"
                   TAGREFS="BT560">
          <Shape><Polygon POINTS="34 1130 46 1140 41 1162 23 1158 34 1130"/></Shape>
        </TextBlock>
      </PrintSpace>
    </Page>
  </Layout>
</alto>
