2683 2479
466 85 1423 113 Sigue Commans, Beuchon, ternil

1900 45 357 136 Lauffear

557 195 694 74 leus Pts Estᵉ Lent

572 201 1955 151 Con trole Au Port N. C. Le 12 Gismenal Au de

444 341 1167 96 E millelire Signe Marchandite

1099 340 1511 161 Enregistré Par moi Ctienne Bianutlie Busson

1009 431 1530 162 dreftar du Tribunal Civil de la Colonie de

1114 519 1445 154 Jle de Fance Sur Crugmal du d^e Lodicille

995 645 817 80 e mor presinte à Cit Effe

1035 648 1587 152 Aû Poit de C. Jsle et France le Treize Gumemal

49 783 433 95 testament de

986 787 657 82 An huit de la Bept

1740 762 765 84 se unee mi ae

2006 838 285 62 Bussion

52 880 593 107 Sanchon Maydelat1

35 968 230 126 Gumée

533 943 2037 100 Var devant le Notaire pulotimée publie alhle de fuance et la temons ciapres

516 1039 2120 106 nommés souvignée fat présente la Etoyenine fanchon quiné affranchire

243 1105 2349 126 NI7 par les adminiotrateuver de cette isle gittant sur son lit, sis en une maisen au

462 1181 2172 131 quartier des yolofs, à elle appartennent, malade de corps mais nean moins saines

433 1253 2146 142 d'esprit. récimint memoire et artundanent ainltgail est appareaudits.

417 1324 2217 157 notoire et temoins. laquelle dans la vue de la mort Treignant d'en etre prévenr

392 1396 2161 168 avant d'avoir misordre ases affaires, a fait dicté et nomée le present son

367 1469 2187 168 testament et ordonnance de ses dernmieur volontés qelelle vent et entend etre

393 1547 1725 148 laccutéus apres se mort de la maniere et ainoi quil suit.

388 1618 2212 180 veut et entend la testatrice que la Ctoyenne marie louise ayée d'environ huit

378 1696 1418 141 aus eufent d'un de ses esclaves décédes, soit auvitat

376 1776 2207 203 et peur que la dite marie touyse vce dustnfaliilatit aus are doit

1816 1790 763 107 sondices reconnur libre

348 1871 2237 212 peuurt a Mharge à la Plonie la testatrice lui donne et legue Cate

327 1947 2283 242 Auverte en paille, de dianeuf piedo de longeur et de dia sept de largenr.

359 2027 2245 235 Donne et legué la testatrie au Eitoyen fatan yamboqne Treole quina

290 2131 2291 222 Son fillieul une Cate à la Tuvle etante dans sa couie Ouverte en paille

323 2228 2164 205 Veuvirens quente puds sur quatorte pour en jour eun toute proprieté.

283 2338 1417 139 donné et leque la testatrice le surplur de tou
