2479 2508
1911 11 552 69 C en le Vcint la tortieure

104 43 2354 114 Codicue. Pardevant Le notaire Publie à l'Isle de France Cent quatie Vingt quatorsiune

140 171 275 107 Jn p74

476 150 1883 93 Et Les temoins Soustigne fat present Le C^n Jean Daptiste Joseph

121 229 23 76 5

291 252 114 47 7

455 234 1986 86 Commant forgeson Demeutant en Cette Commune du port nord Cinst

98 292 2350 112 lommand Rui de Moza, malade de Capt Sis en un fauteuil pris de tou

259 434 103 95 116

444 376 1982 101 lit, Dans une Chanibre haute de Sa maiton Sutd^t Rue de Mot a

377 469 2057 99 Sain SEprit memoire Sugement Lentendement ainté qu'il Est

448 562 1133 94 aparei aux dt notaire I temoin.

923 555 56 48 de

546 635 1889 104 Cequel a Requis le d^e notaire de lui donner lecture de Son

418 716 2023 104 testement Reeu par le dit notaire en Brevet le Vingt Sept Veutote

418 802 2021 120 de lannée Derniere, a quoi obtimperant la d^e lecture faite, le

480 901 1941 102 CCommans a dit l'avoir Tien entendu L Vouloir y a jouter et

445 996 1887 97 e ajoutant a fait dicte E nomme aux dits notaire Et

425 1097 1025 85 temoins la dispotition que Suit.

491 1163 1947 100 Je Veux Et entend que dana Sipans de le jour me Besitiert

391 1255 2050 96 Sorent tenus d'affranchice le nomme Michet noir morambique

387 1352 2071 87 forgeron lan de mis noirs, pour les Tont SoinL Service qu'il

394 1428 2047 111 me Reud de pruus tongtem, l qu'il ne Cortice avec la même

402 1520 1961 107 Cxactitude ; L qu'apris Son affranchistement porfaits

398 1595 2055 125 accompli, mes heritiers fastent entorte se t Engager a Contuncer

394 1709 2016 102 sea Soin a mon Attelur en Contequence Se Veux lentenr

402 1804 2025 107 que mon Decis arrivant, le dit noir ne Soit Comprés an mon

399 1878 1992 129 iiventaire que pour memoirs seulement, Chargeant de Ce Soin

404 1991 2015 117 mon Executenr testamentaire nommé en mon dit Testoment, que

416 2073 1640 147 je maintien en Cette qualite a legaid du presont.

493 2138 1951 179 Aitilé fut fit dicte Leuommé parolde Comimans a Jean

412 2248 1962 175 Pierre Caffray notaire Susd^e LSoussigné Laix C^n François

731 2350 1647 156 ételur, L Etenne Serichon Arque biitier Demeurand
