2517 2479
861 48 33 80 e

918 1 1561 117 Greffier du tribunat Cevit se l Aa defiance sousse

961 79 1547 150 Du dune Expedition de de Contral a moi presente

954 201 363 106 a Cet Effel

1140 264 1151 160 Voit No. le 22 Noettidos an 7^e

1698 393 277 108 Busson

77 527 300 105 lestament

214 622 68 77 le

429 571 2079 125 Pacetant dO Notarte Public à l'Ille de France Soustigue et les temoint

90 696 2338 113 Milbert 7 après nommés Austse Soussignes, fut prétent francois Victor

450 798 2031 120 Dibert Ancen Chiraigen des Vaitteaux de la Compaquée des endes

462 900 1977 109 demeurant Eu Cette Ville du Port nord dis de la de Ille de France en la

478 999 1942 123 Maiton rue de l'Eglite L majeur de jean Baptitte Pilbert, et

472 1111 1927 109 de marie Marguerite Brunéteau Ses peutmere en leur livant

489 1191 1946 121 donncclies a neil sons les Aubiers près la Rochelle, auquel lieu le

490 1275 1948 147 Ciimparant Et ne, Aujour d'huy Epoux de panne Francoite dubois

613 1422 1803 110 dequel Etant malade dans Son lit Mair Sain d Eprit memoiie

471 1510 1891 123 jugement Et Entendement, a fait ldicté le rétent son testament

468 1600 1539 118 Et ordonnonce de derniere Volonte Aint Qu'il Suit

584 1682 1804 116 Premierement j declare Qu'il y a en don mutuel entre moi Emon

454 1772 1939 113 Goute recu par tomaille notaie qui peleux Qu'il Poit Executé apris

467 1859 1844 107 mon seci Selon Sa forme Lt teueur et que ma d'Poute jouille

489 1940 1846 132 de tout lEffel decetue ; mais Après son decis la moitie de not

501 2028 1626 149 biens en appartenant je declaie au dihroter Tomme duit.

1858 2098 39 66 1
