3208 2479
429 13 2664 148 Ce Sean Bicolat le lard marchand lierre Sinand datte marchrant demeurnion

513 30 72 66 deu

414 90 2647 173 tous deux en Cette Ville temoint pour Ce reques Lamillés en la d^e Chambre Ld^e

2745 191 321 84 e a

409 224 2311 142 Maiton au poit du N. C. Ile de france le Vingt Sept messidor au sept.

406 309 2717 152 Repuiblique francaite Vut les quatée Bemes de Relivée La le dit Testatend Signe

429 417 2701 160 avec les d^e temoins Luons dit notaire Aniti Signe Charle Villaume; letard

424 561 2677 119 peueau I Durane notaire avec parpphe En marge ett ecit Siette les

432 680 2660 106 C pur Lon avec autl parephe an desori est encor ccrit Contiote au

484 775 2608 117 port N.C. le Tnivote AuF^e de la Re Rmille leviet, Signé Morchandité

585 899 2468 125 Ot ett aiunh Audit Duet aiginal de testament duement Signe e

568 1008 2440 103 paraphe Demeure annesré à la preniiere muiute de l'acte dont

577 1105 2537 105 Exptᵉ Et des autus ports le tout retté en la pottistion de Durond notaire

614 1233 1311 113 Aint Signe fouquereaux Durand

1024 1352 2022 96 Enregestie par mai Etieune Biacinthe Duston Greffite dis

1017 1437 2095 109 hibunaltivil de la Colonie de l'Jlle de france Joustigne Sur

1022 1532 2027 122 une Expedition des pretente a moi pretentée a cet Effit

1110 1637 1994 125 Au port Ro. Illede France le Deux iivose un Buit

1082 1724 1185 132 de Ra Rep f^e une lJud./

2009 1732 105 57 e la

2199 1808 324 85 Busson

2287 1753 24 70 5

17 1968 2518 157 Testament Sasdivant Le notaire Sublic a l'Ille de france Lles temoins

185 2067 188 73 a f24e

24 2101 334 84 De de15

403 2138 2658 137 nommes Soussignes fut present le Cr Sean Baptiste Docqué na lef de

2600 2092 371 81 apres

12 2210 358 100 Docque

398 2235 2573 172 troyet en Thampagne, lequel etant Suin de Corpt D'Eprit, me moires

411 2361 1791 111 Et entendement Amte qu'il ett Apparie aux dit
