3042 2479
1027 46 707 79 moi presesitee acut iffe

1029 74 1916 125 Ausoit dunord Duist Jlede france le cinq Binmaire de lan huit

1030 187 988 100 de la Rrepe francaise une lnd

2117 195 274 68 duston.

416 290 113 84 201

150 402 2807 139 Restament an Sept De la lepublique francais une Lemeivitible le queare friseteutor

139 528 676 98 de feu de relivie

140 621 355 89 Antoine

628 583 2292 101 Pardivant nous Francois Cthrunate Domerque potaiie Sublie al Jsle

201 728 208 81 auie

524 678 2411 104 de pasce à la leidence du Canton de la Davanne, en piétence de

480 773 2469 100 Oeques Dourneuf t lean Dopstiste porston y Demeurants Se parement

484 849 2449 120 temoins A Ce requit trantportes Sur TDabitation Appartenante An

560 947 2320 121 eSorthim Michel Greffrox Setue au luie dit le pat Souillac

476 1076 1236 84 Susdit Canton De la Pavancie

622 1101 2330 155 rit Pretent le Citoyen Antoine faure macon y Retident lequel trouve

464 1207 2510 144 gistant Sud un lit Dans vune Chambre a mas Gauche de la talle

483 1301 2483 150 d'une maiton De la ditte Babitation etant malade de lCapt, mais

483 1400 2474 142 Sain Demit memoire Sugement Et Entendement, Aint qulil

451 1494 2512 161 ett Apparie Aux Notaiie Stemoins Soustignes L'orès question

467 1604 2495 165 a lui fastes lis le poutes aicelle ; mais an la vue de

431 1724 2496 143 la mort Dela quelle il trantt d'itie Surpres cons Avoir

354 1926 40 77 5

432 1837 2483 133 Cait Connoitre ses intentions de dernières Plitres Jolontée adit

443 1941 2514 157 que lobjet de la requitition par lui a non facte se rous troutporter

1474 2058 51 98 7
