2196 3508
302 54 1743 150 le dix huit fenmaire de l'an Duitieme de la Republique Francaist avante

1702 87 490 92 Cent Soirante Mnriem

304 146 1837 140 mide Petens Dminique folin L Joseph Gongot la chauvelaye Demeurant

302 228 1888 142 tous deuxa la revice du remport, temoint a Ce requit Lappelles lesquelles  apret

298 302 1894 128 tecture faite ont Signé avec la Comparante veux mincuttés des preteutet, dont

298 380 1892 128 ane pour être envoyéé au bureau des Chutres des Colonit, l'autre Controtérau

294 465 1894 141 Sort Nord aest le vingt dex Pllident Par marchandite qui a marqué l

304 551 1886 117 mille livret Est demeurée au pouvoir de Batteau notaire Susdit L Soussique

312 619 682 125 ainte Signe Batiexu

641 711 1549 105 Enregittré Par moi etienne Diacinttet uston Greffier

665 795 1517 107 du hibunat Civit de la Colonie de l'Ile de France Soustigne

680 884 1504 96 dur une mincette des pretentes e moi pretenté a Cet

715 966 127 74 ffel

733 988 1455 113 Au Port N.0. Ille de France le Vingt Duit ficmaire au

659 1064 1004 118 Duit de la Republique fune  cnd

1556 1149 246 88 Busson

247 1225 238 88 223

58 1299 2095 110 Tslament Pardevent nous Denes Louis Durand notaise Publie a l'Ille de France

50 1403 258 74 de chailes

2051 1405 53 46 iee

66 1467 2104 103 Villamme Charles Villame Demeumant en Eette Ville ne national dans une macton

339 1539 1839 117 appartenante à la C^ee Jsannis qu'il tient a Loyer trouve par nous dans

347 1625 1817 93 une Chambre de la d^e maiton en Conne Santé de Cops Autti Sain d'Eprit

347 1693 1782 107 memoire Lentendement Aimt qu'il nous ett appaur l aux d^te Temoint

370 1761 1755 111 Lequel etant embarque en quatité de licutenant des Volontaires a Cord

339 1837 1835 135 du Cortant L'hyphigenie Commande par le Capitanne Malron raignant

341 1915 1815 139 d'itu Surpris Por la mort a fait lnous a dicté Son testament ainte

339 1993 341 107 qu'il Suit

427 2075 1708 125 de Veux et eatend que tout Ce qui m'appartiendra au jour de mon

302 2153 1837 119 Dieis Contistant en un noir mozambique Rᵉ Alexit Leffits mobilieis

2026 2258 66 68 de

323 2313 1800 125 Michelle Victoire que Sienttitue a cet Effet ma Legataire univertelle

306 2399 1833 142 pour Par Etle jouir Ddispoter en toute Poprieté a Compler du jour

306 2486 407 84 de mon Decis

372 2553 1761 132 Se nomme pour Lnxecuteur du prutent Testament le C^n François

294 2654 1855 111 Selle aine mou ami que p pie de Vouloir bien en prendie la

329 2736 1006 84 ême Lde me rendre Ce dumur Service

419 2800 1718 123 Ce fut Ceiti fait SDiété par le testateur mot a mot a nous

321 2892 1785 120 notaire souttigne puis entuite par nous lu l Relu au d^e Testateir

323 2983 1798 113 qulil a dit ien entendre Ly pestister Comme Contenant sit dernieres

323 3069 1810 111 Volontes Revocquant tous Antres Testament qul'il pounoit avoir

327 3145 1777 146 precedeement fait fuit Satté en Crvé en putence de
