2479 2867
388 63 1944 126 omme, in et heritiers natiorele, que Senstitue à

393 156 1216 102 Cit effet mis Legataires pmiven le le

490 197 1926 150 de nomme Jour exi ruteur Testamntaire le Cit asn

1084 245 94 54 mon

380 264 2041 185 Pierre Mosel Maitre Munnisier duu greie Dinseurant

393 372 1988 150 en Crtte velle le Stiant de me Reisie ce Sernier

390 477 1443 148 dervice lui Re command mis ccefant

613 563 1813 182 Ceffut ainsi fait et dicté Par la Tostatice à mais

390 625 2020 204 dit notaire vuis en suite à elle var nous lu et nelu

382 705 1953 212 quelli à dit bien entendre et fTersiverer Comme

391 788 2008 204 Doutenant des volontés Revefuant Tousautre estanment

544 962 139 113 Paid

699 877 1674 169 et Vané, au Brevit à la Ré quisition De a

372 942 1977 196 Testatrice en Presence de Citajen Fradoois Birger

374 1016 1969 183 Meiiiisier Demeurant en Citte ville et P^n Se am

1041 1095 1300 120 Meuuisier Deimeurant auxi en Cette

382 1188 616 105 Louis a set aussi

388 1164 1953 191 ditte velle Temains Pour Ce Requis et appellis dant

387 1361 154 85 le de

605 1239 1705 175 Paxilsion Sus ditte Maisoit au dit Comp

371 1304 1978 234 dort nondavuest Jsle de fradce le Cinq frur te dor

1481 1420 781 81 Dune et mi à ers lis

382 1465 1048 153 au Sept de la Républi que

1462 1478 854 98 Eestatrice à De Saré ne

382 1525 1072 166 dix heure Joc Matin; la

377 1562 2003 204 savoir ecrire né Si quer de ce juquise uivant tordom^e

391 1637 1880 199 et les Dite Teemdins out Signe avec nous dit notaiie

375 1715 1865 197 auisé Sroué fois Berser, ané, et S^ L^ Refet et

1266 1806 1029 98 parapte eu Marose est ecrit

348 1861 845 141 Duvaud iotairé avec

375 1879 1896 170 Jeille lesdite Jour et an avic Perafche au desonn

375 1938 1869 186 ectecrit Controlé au Poit n° le Vonte Dus fon

369 2131 188 89 au 7e

611 2016 1531 182 P. Mille Lives Signé Mar Atandin

471 2099 1762 193 Il est ainsi au dit Buset Priesisal Duement

364 2282 316 94 Si an

756 2190 1479 129 araphe, et asisé a la iremiere Minitt

369 2252 1871 192 de lade dent Capiditiont il desautrer Vaite, letant

368 2336 1798 183 Demeuré à Durand luii Det notaire Saussigné

361 2397 1832 184 en mangé est écit Scellé les dite Samsit air. Signé

352 2479 1919 185 Daraud et Boudevilleavec Paraphé, Vingt huit otsrayés et

383 2733 239 81 quatoise

723 2594 1486 158 Errefistré Par mois Etienme hiaiilhe husson

761 2683 1450 140 Vreffier du Cribunal Civit de la Colonie de

1135 2752 1112 110 e Soussigné sur une Epecition dué
