2558 2479
422 38 1429 101 anivertelle quand a Ce qui toncerne les biens

1895 56 635 84 Cent Cinquante euvie

428 128 1956 93 qui Se trouverons lui appartenir en Eette ille au jour de tou de ces

427 192 2104 119 Ditquels pré leve ment prealablement fait de la Somme de Cent

414 293 1518 103 puittres Eectives qu'il Doune legne au C

1968 301 552 105 Barthelem

1976 298 50 73 d

407 374 2128 109 maquy Son Txecateur letamentaire ly apus nomme l des dettes

403 471 2117 95 pour la Pucathon pourra Se trouver Greves il v'ent Et entend

410 559 2112 104 que la ditte na nette Souiste et Ditote Sans Exeption auf

373 651 2167 99 la Reteive Cy dethis en toute moprieté L Comme de Chote lui

369 749 2180 89 appartenonte legitimement au moyen de la peteute Ditpotition

380 848 2162 78 ayant pour Daze Ce reconnoitie les tousl fedeles Service qul'elle

362 933 2176 79 lui a Constammeret Vendu notaiement Depuis la maladie

336 1015 2195 89 Grave de laquelle il ett Rettaque Declarant te d^t Antoine fanre

349 1101 2120 91 qu'a l'Egard Des Vieux qui peuvent lui appartenir en Europe

349 1192 2182 90 a tits titre I pour que lque laute qui le puitte être il veut Lentenr qu'au

336 1280 2135 87 dit las de Lou Detls il pattent au pouvor Ler la postestion

337 1367 2175 108 de Ses héritien Diuute L Riconnus par les ton que Plegittent

334 1455 1021 99 les lieux de leur Domicile.

420 1542 2040 96 Declare le d^t Antoine faiire levogicr lannutter Comme de fait il

314 1638 2188 106 Revoque l anicelte tous les testament CodicileL Ditotitions

316 1739 2186 89 Dterteures aux pretente pour l'Execution etquelle i nomme

329 1823 2157 99 E Justitce le S C^e Butheleimig Magny Domicilié Sur lhabitation

316 1928 2137 96 du C Deptiste Gallet en Ced Tanton de la Savonne Auquel il

294 2035 2184 83 Reconm mande toute Diligence pour Ostenir la Confimation se

263 2126 2190 107 Se olontés touchant laffranchitement de la d^e Nanette dle

257 2215 2183 106 Destaitistent dis le moment En le Maiies; se tou Ses tienr

2352 2240 25 33 4

228 2324 2189 106 Conformement a la Contame et aux Regtements pour por lui
