3508 2446
501 1 2737 114 Begittre Siqui Citlanie Collateoinne Signeu 1ort

588 165 917 95 Vuc Cas Et Ccrit

795 169 2552 203 ontrole au port N. C. le 14 Ventote AntCmille livre

603 388 923 204 Signe Jarbourg adgt

1138 447 2174 195 Enregistre par moi Etienne Mannthe Buston greffier

1081 606 2278 160 du Ribunat Civil De lale de France Souttigne Sur une

2688 727 189 82 det

1076 750 1540 127 Expedition à mor pretentée alit c

1211 807 2105 204 Au port N Jlle de france le quatoize Jentote

1121 968 1621 184 An huit De la Rept f^t unelun

2341 1115 286 75 di1von

210 1210 411 79 Donalion

909 1220 2382 126 Pad evant Lenotaire public rendait au Cantor de Flacq alIlicce

133 1292 629 117 par tetene bastieu

135 1390 641 127 Ve Celoye à Necola

891 1377 2376 124 freuu pussigne cessiile éle lemois ii apres nommes ceursi toussigne

137 1504 621 140 Aloger son pelil fils

838 1492 2513 150 fut pesente heleur Bastien Venne de Seu Mttrthieu Aloyce du Ftamour

133 1632 640 112 dun non Ldesangen

835 1642 2496 109 Cite e couteur donmecclice audie Canton sur son Labitatieorr tise a la

129 1747 198 71 trcoles

844 1784 2488 96 nuirre dles anqueller uclun dit le ton deau douce lacquelle a pestefe

864 1913 2407 115 dupoyement de son impontien delan sixieme et a declaré vecclon

857 2055 2266 120 purces presentes donner au it De coutecr Mcolac Cloye
