2479 2725
1856 30 604 51 tepet ouis iuaute Moix

327 59 193 75 apres.

1923 63 546 76 ceut Cinquant dan

380 121 2071 101 Ca C^e janchon aucsi qu'elle y Coutent Contervera en les mains la d^e somnme

334 192 2088 124 de Ciny Cents piattres qu'elle fera Datoir de la maniere la plus sure E la plus

330 281 1234 86 vantagente Sen rapportant a elle a Eet Egoid.

422 367 1984 103 Le produit que donnesons au nuellement lesdites Cing Cents Viastres

327 446 2112 102 Sera Compeuse Susqu'a la majorité de flaaine restin avec les de prente

319 528 2082 91 Sentritien t Decittenme de la c^e plaune l son filse Sans que Ce

334 591 2104 109 Dermier ayent Ancun Comple a Eriger pour Ceit Efet Deleur mere

330 678 2123 85 E apatet flaine Siestin n ayant que la jouistance peudant Sa Vic

330 766 2064 86 du preduit Annuel ditd^e Cenq Centt pastées, Réceuillesa le prodent a

333 829 2118 94 Cmpter du jour de la majoité Sous la Condition de subbenir à EExistence

331 900 2114 118 La l'entitien de felix son fils jutqu'a Sa majorité ou son Clablistement

389 1000 2076 97 felia aura la proprecte Desdites Cinq Cents piastres et jeunira latufuit

336 1077 2126 105 a Compter du deces di la mire, Cette derniere reusnita egalement la propruité

330 1152 2083 130 a tou usifreit Laans le Cai ou lou enfant Si cederoit avant elle sans

327 1247 322 76 posterite.

369 1295 2044 120 Cette. Donation Est faite par lainitie que le c^e Sacquemain porte

345 1389 2073 108 a la d^e Fouise Bressin La toufits Len outre pareque tel Eet la Volonté

346 1460 373 103 du donateur.

470 1551 1933 124 La C^eme fanchou affecte l lipottreque tous ses bieas petens et avenier

328 1660 2114 109 Taturance du payement detdite Cing Cents pattre Effctive l de leuur

339 1739 440 89 produit anmiel.

430 1795 1995 110 Lour faire intinier Ces presentes partont ou besoin sera les Comperant

366 1893 962 88 Donnent tout pouvor au portenr.

417 1955 2030 134 Pour l'Execation dis pretentes les parties font étection de domecite Chacun

354 2052 2108 118 en la demeure en Cette ille aux quels lieux nonobstant, procettant, Recioicant Le

398 2131 2055 124 fait i patte en double minute au port noid onis ele de france en

358 2210 2078 130 l'Etude le Six tendemiant au huit de la Republique francaite une linde

340 2313 2095 110 Après mide et à le C^e Sacquemant Signe a près tecture failes un la

369 2394 62 53 10

366 2396 2096 109 E Jaichou qui a declaré ne lavon cccire ni Signer de Carequit duivant toriimmant

357 2487 2082 107 le Ce Sacquemain Ela C^e fanchon ont repretentes leurs quettance

358 2555 2069 141 d'impotition Detivres por le C^in mailgné Recereur Sous la N° 5341
