2263 2294
279 90 1976 120 testateur Signe Avec let de temoins Lled notaire cainh Signé

1733 62 526 76 cut unquante seplien

283 169 1378 102 Boitbert., Dubignon, Couacand L. Biten.

650 261 1583 79 Etéregistré par moi Etienne luureuttre husson Guffice du tulmal

652 324 1607 92 evel dte Et le defrance soussigne ser Latsqun sudit teslamen

659 402 633 82 anioi peieutée cet effet

656 467 1567 87 Au toit daMoré buest Mede frence le vingt deux Mmemdce

664 544 1011 90 au rept de la vrepee jui uni lue

1722 551 245 97 Busson

1883 681 112 55 —

1 916 108 62 de

258 893 925 108 du Port R. C. Ile de France .

289 988 1971 105 de Joustique Charles. S Misiel na tif d'an trey près de la ville de Vezelire en

251 1071 2006 97 terraime, lun det auciens jages Autibienau Sappel LCriminel a l'Jlle

256 1158 2003 107 defrance Sucbant qu'il ny a rieu de ples Tatant que la mort Trieu de

262 1236 1993 109 plus encertan que le moment dicelte Ciainte d'en être prevenu Sans avoir

252 1324 2007 112 mis cedu a mes affaires Cest pour quoi j'ai fait trdige mon testamen

256 1412 658 88 en la fome Suivante.

219 1524 18 39 8

285 1491 1975 117 de recommande mon ame a dieu Suppliant Sa divine Conté de tui faire metérie

239 1665 2020 121 ma premiere fesmme prélevent, avant partage sur ma Sucatticu L qui pent

238 1752 892 101 leur reter dt de Celle de leur mère.

1 1807 2258 118 Art 3 Voulant mettre la même egalité envert les enfants de mon le lit avec seanne dieude

233 1897 2027 106 de Vallu ma Seconde femme, je Veur et entend qu'eu cat de sa mort Lquil

232 1983 2028 89 n'ausorent recu pere sur la Succettion les six mille livres qui lui Etount

230 2068 2029 97 dues par son flere pour son apportioment éaus les ducettione des

234 2146 2014 99 pont mere; qu'elle si elle Vit, ou en cat de son décès ses enfants
