2508 2479
592 1 467 58 d P Ve

314 1 1626 151 leporteur de lespedition des vresentes ; auquel ilest egalement

298 27 2181 209 tamt par laditte testatuir donatiie que proledu Donstaine de seur mmuare

294 128 2123 203 ls pesoulés au Geffe du tubeia cévil ele la Colonie avaul la sprralion

290 209 2154 215 qualr mois acompter de ce jour coufonement a lordinnnance. Cavaan

1709 267 776 143 dellun Domiiile Vusenire

1952 391 177 70 1

290 364 1344 134 tetout a dle conoeme faisant leidittes pastie eleele

274 447 1524 156 auxquels lieur promettant oblegtant  renoncant

381 499 2058 181 Pau et pesse Endouble miniutte toufonnemtus a ledu au Canton des

316 586 2114 181 D Letle de france en létade le vingt ennqueence jour denmor

2262 753 189 88 Lous

297 691 2074 153 desluvior de lan huutieme de la Repiblique panuaise une Bnis

1430 767 821 152 Goiby &annand Bayaid

283 855 1131 81 aveeut midi en presence de Cet francain

285 903 2151 142 de ux teparement doilies audit cauton te monn cafres regues au fresent

280 1012 2161 115 aite lesquels ont flpe avec le donataire et nous Notaire non la donae

261 1096 2125 124 laquelle de cefaire antespellés que lesnéer de lordonnance adeclare

246 1184 2166 122 nefavoir cenre nni Signel anni sique Micolaé Aloyse Gorby armave

225 1254 2227 148 Bayard dJean Loeuri hosschee Nolarie jubli aix deux miielle

230 1341 2206 180 cles presantes ser lune de quelles demeurée an pouveenr de Molaire

2068 1390 382 112 anuée Varte

2083 1483 343 89 leede

220 1469 1786 145 foussigné efaunile ceris coutrolli au soit roid vicest le

1742 1536 289 79 dx mile

205 1590 1530 124 an tuutieue por Marchandize qu a marqne recue

1870 1630 560 132 hasois Gref

195 1698 685 121 signe J° H. Harschie

583 1684 1265 190 Simcgste par mor Efienne héarcullee

596 1772 1812 211 du Tibnnal anil dle la Colonie de lhlecie france

592 1888 1836 173 cher une expedition de ladet dnalion amoi perceuls

2005 2017 332 138 Sux ua

574 2058 339 91 a cel effet

557 2082 1420 143 Au Sort du Noid Oent Ssle dle Janne te

568 2187 1356 137 feutoe au huil de la Rrey Busson
