3050 2479
223 22 347 107 13 fructidor

323 114 186 70 Aaye.

2187 74 610 89 deut tunte lexieme

709 155 2139 125 notaire Publics à Lisle de Ftance Soussigue Di Pierremvel

150 213 454 114 Depot du Test

692 253 2141 85 Maitre Menuisier du genie Denmd en Cette ville Rept da

151 297 449 106 de Julie Ditot

688 320 1815 83 quitt aisce d'imposition au Datte di Ce Jans

292 391 307 68 Varr

843 388 1942 89 Leqnel à Rapporte à Durand lieis disnotairie

185 447 414 87 Dedir Morel

694 459 2110 83 Soussigne li la Requés de mittre au Maig di ses

161 517 279 142 don ta.

666 515 2148 95 muiieltee a la Datte de Ci jour le Brevit orignsal

666 582 2177 87 de Testamentt de la Citoyeline Julie ; Pitot de cidé le

438 694 104 100 75

658 640 2190 96 Sour dhier ledit Buivet Aisqnsal du Testament Ricu

664 696 2183 113 Par Duvand notaire Fréoente temoins le Cnsq fractede

658 761 2153 125 Préseut moir et Suivant le quil le Comparant est

640 809 2204 134 nomure son exécuteur Testamentaire. E Ctuse quen ce le

640 922 624 112 dit Brevet cxt

1300 870 1554 102 Duniure Joint a la Pumiere Minutt

629 925 2219 182 des Trésente a prèr avoir été Contiole et Duement Signé

636 1021 2028 148 et Baraphé en Frésince, desnotaire Soussignes.

771 1090 2062 164 Dont dete, fait et fassé ces Double Misiutte au

614 1159 2218 171 Pout du nd. Isle de France Lulctide la Treire fructid on

600 1238 2193 188 aie Sepet de la République Frangaises et ce signé les

1511 1308 1274 127 Tréseutée Sur V'unes des quella

604 1377 886 146 deuf Musatte des

603 1399 2203 199 Demeurée à Duraut l'un des notaire deussign Sest

600 1455 2168 218 ¬esuit, Conttolé au Fort n° le 1 fuicse dorau 1.R

607 1587 1427 129 quille fir rer Si oue Marchaudire.

973 1682 1027 133 Juit la teneur lvé l'annere

622 1765 2211 198 Pardevant. nons Genir Lois Bieraut notaire Publie

590 1862 2202 177 à l'isle de france Soussignés et les Eouvoins. Cef apres

592 1957 2233 158 nomer et Ceit. Fréseute et let Tosorois cex ayates vaniis

588 2123 129 126 fet

745 2019 1985 184 yune Su lie Vitoi née à Calonbe dont Li de

586 2114 2238 185 Aranchie Par le C^e Sanson if Dimeuranté en Cette ville

570 2209 2263 174 au laux Dis Huit Libier Danvune Maison appartenann

574 2293 2254 172 al a Citeyenne masson Moracin Trouvés Par nous don

1249 2368 1546 101 van etre en entrant Molade de Corps.
