<?xml version="1.0" encoding="UTF-8"?>
<alto xmlns:xsi="http://www.w3.org/2001/XMLSchema-instance"
      xmlns="http://www.loc.gov/standards/alto/ns-v4#"
      xsi:schemaLocation="http://www.loc.gov/standards/alto/ns-v4# http://www.loc.gov/standards/alto/v4/alto-4-2.xsd">
  <Description>
    <MeasurementUnit>pixel</MeasurementUnit>
    <sourceImageInformation>
      <fileName>JK14_4.pdf_page_29.png</fileName>
      <fileIdentifier>pdf//JK14_4.pdf</fileIdentifier>
    </sourceImageInformation>
  </Description>
  <Tags>
    <OtherTag ID="BT7" LABEL="CustomZone" DESCRIPTION="block type CustomZone"/><OtherTag ID="BT8" LABEL="DamageZone" DESCRIPTION="block type DamageZone"/><OtherTag ID="BT9" LABEL="DigitizationArtefactZone" DESCRIPTION="block type DigitizationArtefactZone"/><OtherTag ID="BT10" LABEL="DropCapitalZone" DESCRIPTION="block type DropCapitalZone"/><OtherTag ID="BT11" LABEL="GraphicZone" DESCRIPTION="block type GraphicZone"/><OtherTag ID="BT12" LABEL="MainZone" DESCRIPTION="block type MainZone"/><OtherTag ID="BT13" LABEL="MarginTextZone" DESCRIPTION="block type MarginTextZone"/><OtherTag ID="BT14" LABEL="MusicZone" DESCRIPTION="block type MusicZone"/><OtherTag ID="BT15" LABEL="NumberingZone" DESCRIPTION="block type NumberingZone"/><OtherTag ID="BT17" LABEL="QuireMarksZone" DESCRIPTION="block type QuireMarksZone"/><OtherTag ID="BT18" LABEL="RunningTitleZone" DESCRIPTION="block type RunningTitleZone"/><OtherTag ID="BT19" LABEL="SealZone" DESCRIPTION="block type SealZone"/><OtherTag ID="BT20" LABEL="StampZone" DESCRIPTION="block type StampZone"/><OtherTag ID="BT21" LABEL="TableZone" DESCRIPTION="block type TableZone"/><OtherTag ID="BT22" LABEL="TitlePageZone" DESCRIPTION="block type TitlePageZone"/><OtherTag ID="BT560" LABEL="text" DESCRIPTION="block type text"/>
    <OtherTag ID="LT7" LABEL="CustomLine" DESCRIPTION="line type CustomLine"/><OtherTag ID="LT8" LABEL="DefaultLine" DESCRIPTION="line type DefaultLine"/><OtherTag ID="LT9" LABEL="DropCapitalLine" DESCRIPTION="line type DropCapitalLine"/><OtherTag ID="LT10" LABEL="HeadingLine" DESCRIPTION="line type HeadingLine"/><OtherTag ID="LT11" LABEL="InterlinearLine" DESCRIPTION="line type InterlinearLine"/><OtherTag ID="LT12" LABEL="MusicLine" DESCRIPTION="line type MusicLine"/><OtherTag ID="LT334" LABEL="default" DESCRIPTION="line type default"/>
  </Tags>
  <Layout>
    <Page WIDTH="2479"
          HEIGHT="2667"
          PHYSICAL_IMG_NR="28"
          ID="eSc_dummypage_">
      <PrintSpace HPOS="0"
                  VPOS="0"
                  WIDTH="2479"
                  HEIGHT="2667">
        <TextBlock HPOS="29"
                   VPOS="0"
                   WIDTH="2372"
                   HEIGHT="2256"
                   ID="eSc_textblock_268080e7"
                   TAGREFS="BT560">
          <Shape><Polygon POINTS="349 1 2354 0 2354 99 2401 183 2342 776 2366 1053 2330 1136 2107 1154 1952 1225 1915 1280 1921 1343 1958 1369 2342 1410 2348 1468 2307 1523 2318 1758 2356 1884 2372 1855 2401 2060 2206 2133 2271 2163 2283 2244 456 2256 414 2232 349 2120 331 1872 201 1853 170 1764 59 1758 29 1456 47 1392 1265 1404 1455 1380 1462 1321 1437 1284 1348 1272 794 1254 776 1237 788 1131 711 1089 699 930 674 905 580 887 563 770 361 751 331 425 331 59 349 1"/></Shape>
          <TextLine ID="eSc_line_de7356a7"
                    TAGREFS="LT334"
                    BASELINE="339 94 1130 78 1518 45 1711 19" 
                    HPOS="336"
                    VPOS="1"
                    WIDTH="1375"
                    HEIGHT="129">
            <Shape><Polygon POINTS="1698 1 1689 1 1635 11 1441 11 1440 11 1438 11 1394 26 1345 8 1338 5 1336 5 1335 5 1333 5 1318 8 1284 17 1255 11 1240 8 1238 8 1237 8 1235 8 1231 11 1194 35 1080 40 1026 40 1012 31 1010 31 1009 31 1007 31 1006 31 985 41 951 25 949 25 948 25 837 47 772 40 770 40 769 40 749 50 677 41 675 41 674 41 640 51 603 34 601 34 600 34 557 41 555 41 554 41 528 59 487 59 457 40 456 40 454 40 453 40 336 41 339 94 340 130 443 125 444 125 447 124 515 96 571 105 573 105 653 93 666 102 668 102 669 102 671 102 724 94 746 103 748 103 749 103 751 103 766 96 795 103 797 103 798 103 800 103 801 103 813 94 865 94 881 99 912 108 914 108 915 108 986 105 988 105 1020 93 1043 103 1044 103 1046 103 1139 91 1192 94 1194 94 1195 94 1252 77 1258 75 1278 75 1321 75 1336 85 1338 85 1339 85 1341 85 1342 85 1382 69 1385 68 1392 68 1423 72 1425 72 1426 72 1446 65 1463 59 1475 63 1501 72 1502 72 1503 72 1505 72 1548 59 1564 53 1711 48 1711 19 1705 1 1698 1"/></Shape>
	    <String CONTENT="dignes avec nour Notaire et non le Comparants"
                    HPOS="336"
                    VPOS="1"
                    WIDTH="1375"
                    HEIGHT="129"
                    WC="0.9834737261136373"></String>
          </TextLine>
          <TextLine ID="eSc_line_c5dbe189"
                    TAGREFS="LT334"
                    BASELINE="2071 50 2204 23 2313 11" 
                    HPOS="2067"
                    VPOS="1"
                    WIDTH="246"
                    HEIGHT="65">
            <Shape><Polygon POINTS="2287 1 2273 1 2258 1 2241 1 2227 1 2212 1 2197 1 2182 1 2172 1 2139 14 2107 13 2105 13 2104 13 2067 26 2071 50 2072 66 2164 57 2166 57 2190 47 2227 31 2313 25 2313 11 2296 1 2287 1"/></Shape>
	    <String CONTENT="ne lérir"
                    HPOS="2067"
                    VPOS="1"
                    WIDTH="246"
                    HEIGHT="65"
                    WC="0.9947259202599525"></String>
          </TextLine>
          <TextLine ID="eSc_line_d020e9a8"
                    TAGREFS="LT334"
                    BASELINE="364 192 1218 165 1638 124 2035 65" 
                    HPOS="361"
                    VPOS="29"
                    WIDTH="1676"
                    HEIGHT="205">
            <Shape><Polygon POINTS="364 192 364 205 438 234 440 234 441 234 491 231 493 231 568 201 660 220 662 220 663 220 724 198 804 207 806 207 807 207 835 200 856 208 857 208 859 208 934 204 936 204 970 189 1081 195 1083 195 1084 195 1106 185 1176 189 1178 189 1283 171 1323 173 1324 173 1326 173 1370 157 1391 165 1392 165 1394 165 1475 161 1477 161 1478 161 1502 145 1521 154 1523 154 1524 154 1572 143 1613 151 1615 151 1616 151 1686 128 2037 105 2035 65 2030 29 1862 38 1861 38 1844 42 1807 56 1788 48 1787 48 1785 48 1784 48 1711 77 1646 59 1643 59 1641 59 1640 59 1628 60 1600 66 1592 63 1576 56 1575 56 1573 56 1526 59 1524 59 1523 59 1503 71 1462 96 1419 99 1244 108 1209 94 1180 82 1179 82 1178 82 1176 82 1155 93 1127 82 1126 82 1124 82 1123 82 1038 103 1006 100 1004 100 1003 100 1001 100 983 112 963 125 927 127 899 118 837 100 835 100 834 100 803 102 801 102 745 131 733 137 683 136 659 136 657 136 637 140 606 146 595 143 557 128 555 128 554 128 552 128 502 145 460 127 459 127 457 127 456 127 397 158 397 160 361 161 364 192"/></Shape>
	    <String CONTENT="en tapelles aux termes de l&#x27;ordounance out Declares ne Irvoin"
                    HPOS="361"
                    VPOS="29"
                    WIDTH="1676"
                    HEIGHT="205"
                    WC="0.9559276485052265"></String>
          </TextLine>
          <TextLine ID="eSc_line_667ae66c"
                    TAGREFS="LT334"
                    BASELINE="351 287 1006 280 1306 260 1629 226 1757 202 1924 188 2200 134 2307 124" 
                    HPOS="348"
                    VPOS="99"
                    WIDTH="1960"
                    HEIGHT="216">
            <Shape><Polygon POINTS="351 287 351 302 560 303 561 303 563 303 589 296 607 303 609 303 610 303 611 303 629 294 792 315 794 315 1339 284 1341 284 1438 257 1554 257 1554 256 1678 226 1715 235 1717 235 1718 235 1720 235 1763 213 1841 217 1843 217 1918 200 1920 200 1957 213 1958 213 1960 213 1961 213 2013 194 2021 189 2308 173 2307 124 2302 99 1881 122 1880 122 1852 134 1788 162 1718 145 1712 145 1711 145 1709 145 1705 146 1655 173 1592 168 1591 168 1589 168 1533 195 1296 207 1247 189 1246 189 1244 189 1197 198 1173 189 1126 171 1124 171 1123 171 1121 171 1049 200 983 226 936 228 889 213 878 210 877 210 875 210 874 210 862 214 819 235 786 237 731 225 712 222 711 222 709 222 690 228 651 214 650 214 649 214 647 214 583 231 520 214 518 214 517 214 515 214 437 250 428 254 348 256 351 287"/></Shape>
	    <String CONTENT="ne Siquer aint Signe Sur les deux minuttes L. Jahun Bayant"
                    HPOS="348"
                    VPOS="99"
                    WIDTH="1960"
                    HEIGHT="216"
                    WC="0.9440914916581121"></String>
          </TextLine>
          <TextLine ID="eSc_line_c2220b4c"
                    TAGREFS="LT334"
                    BASELINE="1912 275 2270 217 2379 211" 
                    HPOS="1907"
                    VPOS="157"
                    WIDTH="474"
                    HEIGHT="136">
            <Shape><Polygon POINTS="1912 275 1917 293 1929 284 1964 287 1975 287 1976 287 1978 287 1988 282 2025 269 2089 269 2111 269 2111 268 2113 268 2114 268 2120 263 2141 251 2151 259 2153 259 2154 259 2155 259 2198 254 2200 254 2218 250 2286 228 2381 225 2379 211 2372 168 2332 174 2329 174 2296 165 2295 165 2293 165 2292 165 2273 174 2237 157 2235 157 2234 157 2155 168 2154 168 2153 168 2133 182 2095 182 2093 182 2092 182 2090 182 2090 183 2067 205 2044 198 2043 198 2041 198 2040 198 2038 198 2038 200 2037 200 2021 222 2019 223 1907 240 1912 275"/></Shape>
	    <String CONTENT="minutte Demeurce"
                    HPOS="1907"
                    VPOS="157"
                    WIDTH="474"
                    HEIGHT="136"
                    WC="0.972075030207634"></String>
          </TextLine>
          <TextLine ID="eSc_line_e9494224"
                    TAGREFS="LT334"
                    BASELINE="339 383 1318 357 1874 290" 
                    HPOS="336"
                    VPOS="245"
                    WIDTH="1539"
                    HEIGHT="163">
            <Shape><Polygon POINTS="339 383 339 398 401 398 425 408 426 408 428 408 490 397 563 400 564 400 566 400 607 386 638 395 640 395 641 395 700 380 703 380 706 380 749 391 751 391 875 386 893 395 894 395 896 395 1290 379 1434 364 1435 364 1483 342 1484 342 1526 346 1527 346 1586 337 1671 360 1672 360 1674 360 1705 357 1706 357 1708 357 1749 328 1751 327 1875 321 1874 290 1868 245 1601 259 1600 259 1598 259 1594 262 1549 291 1490 269 1487 268 1486 268 1437 266 1435 266 1434 266 1432 266 1423 272 1391 294 1345 305 1289 293 1287 293 1286 293 1223 312 1123 315 1087 297 1086 297 1084 297 1083 297 1081 297 1063 311 966 323 921 305 915 302 914 302 912 302 911 302 909 302 905 305 883 320 859 314 857 314 856 314 854 314 829 327 792 317 791 317 789 317 788 317 786 317 770 328 746 315 726 305 724 305 723 305 721 305 720 305 697 318 662 339 614 331 613 331 611 331 573 343 488 340 487 340 486 340 469 348 440 334 400 318 398 318 397 318 395 318 336 339 339 383"/></Shape>
	    <String CONTENT="Jean houry Vurtcher notaire public Sur une detqulles"
                    HPOS="336"
                    VPOS="245"
                    WIDTH="1539"
                    HEIGHT="163"
                    WC="0.9764554615204151"></String>
          </TextLine>
          <TextLine ID="eSc_line_1dcba117"
                    TAGREFS="LT334"
                    BASELINE="1792 400 2204 328 2361 318" 
                    HPOS="1785"
                    VPOS="268"
                    WIDTH="576"
                    HEIGHT="137">
            <Shape><Polygon POINTS="1792 400 1792 405 1994 392 1995 392 1997 392 2019 374 2024 371 2034 371 2086 374 2087 374 2089 374 2090 374 2090 373 2099 365 2161 377 2163 377 2261 361 2262 361 2264 361 2264 360 2284 339 2307 345 2308 345 2310 345 2311 345 2361 323 2361 318 2353 268 2228 287 2227 287 2164 271 2163 271 2161 271 2160 271 2158 271 2111 302 2081 281 2080 281 2078 281 2077 281 2058 282 2056 282 2055 282 2055 284 2025 311 1978 300 1976 300 1975 300 1973 300 1942 321 1911 303 1910 303 1908 303 1827 317 1825 317 1824 317 1824 318 1785 355 1792 400"/></Shape>
	    <String CONTENT="Coutrolle Au port"
                    HPOS="1785"
                    VPOS="268"
                    WIDTH="576"
                    HEIGHT="137"
                    WC="0.9682129235828624"></String>
          </TextLine>
          <TextLine ID="eSc_line_cda85d12"
                    TAGREFS="LT334"
                    BASELINE="349 488 1068 477 1318 466 1481 453 1775 407" 
                    HPOS="346"
                    VPOS="376"
                    WIDTH="1429"
                    HEIGHT="148">
            <Shape><Polygon POINTS="349 488 349 523 480 524 481 524 483 524 517 515 579 497 663 505 665 505 788 493 820 499 843 503 844 503 877 496 932 484 997 490 1102 500 1103 500 1105 500 1136 490 1293 490 1293 488 1295 488 1346 474 1376 485 1378 485 1379 485 1499 465 1518 460 1644 456 1647 457 1680 477 1681 477 1683 477 1684 478 1711 478 1711 477 1712 477 1775 450 1775 407 1769 376 1658 380 1656 380 1650 382 1604 397 1582 388 1581 388 1579 388 1545 392 1538 388 1523 380 1521 380 1520 380 1426 383 1425 383 1423 383 1407 395 1385 410 1361 398 1339 386 1338 386 1336 386 1335 386 1305 401 1272 417 1108 423 1083 413 1047 398 1046 398 1044 398 970 401 969 401 967 401 954 410 881 404 880 404 878 404 832 428 831 428 823 428 769 423 767 423 766 423 737 432 703 414 702 414 700 414 699 414 623 438 610 444 494 447 491 445 481 440 480 440 478 440 477 440 475 440 474 440 460 447 459 448 447 448 368 444 367 444 365 444 346 451 349 488"/></Shape>
	    <String CONTENT="au pouvoir du Notaire Poustigue Est Ecrit en marge"
                    HPOS="346"
                    VPOS="376"
                    WIDTH="1429"
                    HEIGHT="148"
                    WC="0.9652768325805664"></String>
          </TextLine>
          <TextLine ID="eSc_line_00929ec9"
                    TAGREFS="LT334"
                    BASELINE="371 597 1415 561 1729 528 1908 491 2120 462 2240 453" 
                    HPOS="368"
                    VPOS="428"
                    WIDTH="1872"
                    HEIGHT="189">
            <Shape><Polygon POINTS="371 597 371 614 451 607 478 610 546 617 548 617 623 603 709 610 711 610 800 589 806 588 809 588 874 608 875 608 877 608 988 604 989 604 1056 582 1139 592 1140 592 1142 592 1185 582 1258 585 1259 585 1260 585 1300 570 1335 583 1336 583 1338 585 1409 585 1409 583 1410 583 1437 573 1462 580 1463 580 1465 580 1586 554 1664 555 1665 555 1666 555 1714 534 1778 537 1779 537 1781 537 1829 523 1856 512 2240 494 2240 453 2237 428 1972 441 1938 447 1864 462 1862 462 1803 484 1767 475 1766 475 1764 475 1763 475 1717 488 1671 469 1669 469 1668 469 1536 493 1490 477 1477 472 1475 472 1474 472 1472 472 1458 478 1416 499 1364 485 1358 484 1357 484 1355 484 1302 490 1247 496 1246 496 1219 509 1189 497 1146 480 1145 480 1143 480 1142 480 1095 503 1081 509 1068 505 1053 500 1052 500 1050 500 1049 500 1037 506 1006 524 856 528 835 520 813 511 812 511 810 511 749 521 706 505 705 505 703 505 702 505 650 533 646 534 638 533 600 527 598 527 597 527 570 537 552 546 368 551 371 597"/></Shape>
	    <String CONTENT="Nord oumtt le Vingt neuf hiinaire au huutieme par marchandite"
                    HPOS="368"
                    VPOS="428"
                    WIDTH="1872"
                    HEIGHT="189"
                    WC="0.9614936299011355"></String>
          </TextLine>
          <TextLine ID="eSc_line_d8e77ab6"
                    TAGREFS="LT334"
                    BASELINE="370 686 607 686 1207 669 1469 654 1732 626 1908 592 1994 586 2164 561 2350 551" 
                    HPOS="367"
                    VPOS="508"
                    WIDTH="1984"
                    HEIGHT="243">
            <Shape><Polygon POINTS="370 686 373 751 487 706 530 721 531 721 533 721 534 721 577 706 653 730 674 736 675 736 677 736 739 731 740 731 783 718 846 700 887 711 942 723 943 723 1059 717 1060 717 1124 696 1213 699 1215 699 1216 699 1269 684 1355 693 1357 693 1449 681 1502 693 1503 693 1604 688 1606 688 1708 643 1726 635 1747 640 1775 646 1776 646 1778 646 1812 634 1868 614 2351 589 2350 551 2345 527 2313 528 2311 528 2261 508 2259 508 2230 508 2228 508 1856 527 1855 527 1745 564 1735 567 1727 565 1699 555 1698 555 1696 555 1695 555 1664 568 1640 579 1619 571 1582 558 1581 558 1579 558 1578 558 1541 576 1495 600 1453 608 1425 608 1367 588 1345 579 1343 579 1342 579 1296 582 1295 582 1263 594 1194 622 1133 623 1100 611 1099 611 1097 611 1096 611 1063 622 1034 613 1032 613 1031 613 967 625 929 614 926 614 924 614 923 614 921 614 918 616 877 637 798 634 797 634 726 644 687 632 686 632 684 632 683 632 651 648 600 643 598 643 465 657 432 646 401 634 400 634 398 634 397 634 367 648 370 686"/></Shape>
	    <String CONTENT="qui a Marque  Mille Livies Signe en l&#x27;Espedition S^ehBartchit"
                    HPOS="367"
                    VPOS="508"
                    WIDTH="1984"
                    HEIGHT="243"
                    WC="0.9569822842957544"></String>
          </TextLine>
          <TextLine ID="eSc_line_ee785db5"
                    TAGREFS="LT334"
                    BASELINE="779 786 1530 760 2021 697 2316 683" 
                    HPOS="774"
                    VPOS="626"
                    WIDTH="1542"
                    HEIGHT="188">
            <Shape><Polygon POINTS="779 786 780 814 863 803 865 803 866 803 884 791 948 800 949 800 951 800 952 800 969 791 1081 791 1083 791 1084 791 1105 782 1139 789 1164 795 1166 795 1238 792 1397 782 1398 782 1400 782 1412 773 1453 779 1455 779 1598 770 1600 770 1649 755 1692 764 1693 764 1695 764 1749 745 1754 743 1763 743 1825 748 1827 748 1902 733 1912 731 1915 731 1935 739 1936 739 1938 739 1939 739 1941 739 1954 728 1963 723 2224 708 2233 709 2262 714 2264 714 2314 702 2316 683 2313 657 2195 626 2194 626 2193 626 2095 641 2080 634 2078 634 2077 634 1964 641 1963 641 1921 660 1890 650 1889 650 1887 650 1886 650 1807 683 1721 656 1720 656 1718 656 1664 659 1662 659 1588 697 1566 709 1509 711 1492 703 1471 693 1469 693 1468 693 1466 693 1443 705 1419 718 1137 734 1100 724 1052 709 1050 709 1049 709 1047 709 1046 709 1015 728 1004 734 989 730 957 720 955 720 954 720 952 720 914 733 883 726 881 726 880 726 878 726 877 726 865 733 831 718 829 718 828 718 826 718 774 739 779 786"/></Shape>
	    <String CONTENT="nregistre Par moi Etienne Diacnnthe Basson"
                    HPOS="774"
                    VPOS="626"
                    WIDTH="1542"
                    HEIGHT="188"
                    WC="0.977382649978002"></String>
          </TextLine>
          <TextLine ID="eSc_line_cf7373b6"
                    TAGREFS="LT334"
                    BASELINE="729 871 1496 854 1926 816 2080 792 2289 777" 
                    HPOS="727"
                    VPOS="724"
                    WIDTH="1562"
                    HEIGHT="166">
            <Shape><Polygon POINTS="729 871 729 878 770 887 772 887 773 887 814 875 819 874 823 875 863 887 865 887 866 887 868 887 903 874 929 887 930 887 932 887 975 878 1065 890 1066 890 1068 890 1089 878 1185 877 1204 884 1206 884 1207 884 1209 884 1210 884 1229 872 1312 880 1314 880 1355 878 1357 878 1379 866 1403 875 1404 875 1406 875 1564 869 1661 860 1662 860 1664 860 1678 850 1720 860 1721 860 1723 860 1724 860 1755 846 1827 846 1827 844 1828 844 1872 829 1877 828 1884 828 1929 835 1930 835 1981 825 2044 848 2046 848 2047 848 2049 848 2117 819 2120 816 2289 810 2289 777 2284 724 2025 736 2024 736 2022 736 2012 743 2003 749 1994 745 1979 737 1978 737 1976 737 1850 743 1849 743 1847 743 1824 758 1804 768 1775 763 1773 763 1772 763 1770 763 1715 798 1692 798 1656 780 1655 780 1653 780 1652 780 1624 788 1595 774 1594 774 1592 774 1591 774 1589 774 1542 798 1490 786 1489 786 1487 786 1458 800 1429 788 1428 788 1426 788 1425 788 1385 808 1349 792 1321 780 1320 780 1318 780 1317 780 1278 798 1249 811 1226 801 1215 797 1213 797 1212 797 1210 797 1209 797 1198 804 1172 820 1142 808 1140 808 1139 808 1137 808 1117 816 1105 810 1078 798 1077 798 1075 798 1074 798 1028 816 998 829 727 838 729 871"/></Shape>
	    <String CONTENT="Preffier du tribunal Civit de la Colonie de l&#x27;Isle de Franc"
                    HPOS="727"
                    VPOS="724"
                    WIDTH="1562"
                    HEIGHT="166"
                    WC="0.9810394493200011"></String>
          </TextLine>
          <TextLine ID="eSc_line_22e5973a"
                    TAGREFS="LT334"
                    BASELINE="726 954 1213 946 1629 931 1995 903 2158 881 2336 875" 
                    HPOS="724"
                    VPOS="841"
                    WIDTH="1612"
                    HEIGHT="133">
            <Shape><Polygon POINTS="726 954 726 961 751 973 752 973 754 973 800 963 1003 974 1004 974 1006 974 1028 963 1115 967 1117 967 1118 967 1172 954 1218 970 1219 970 1220 970 1272 958 1300 973 1302 973 1338 974 1339 974 1412 971 1413 971 1492 948 1582 955 1584 955 1585 955 1616 942 1656 961 1658 961 1659 961 1772 957 1804 955 1806 955 1807 955 1849 930 1933 927 1935 927 1992 912 2019 921 2021 921 2022 921 2024 921 2025 921 2049 906 2336 894 2336 875 2333 843 2270 850 2261 846 2252 841 2250 841 2249 841 2104 843 2102 843 2071 854 2047 865 1991 859 1941 854 1939 854 1892 865 1827 878 1782 869 1724 859 1723 859 1668 860 1666 860 1665 860 1638 877 1625 886 1549 890 1526 883 1493 872 1492 872 1490 872 1489 872 1446 886 1401 872 1400 872 1398 872 1342 874 1341 874 1339 874 1306 894 1300 897 1260 902 1249 897 1213 880 1212 880 1210 880 1118 883 1083 886 1081 886 1043 908 1034 912 912 915 906 914 868 902 866 902 865 902 863 902 862 902 837 918 834 920 724 923 726 954"/></Shape>
	    <String CONTENT="Souttigne Sur une Sapeditton des presentes a moi"
                    HPOS="724"
                    VPOS="841"
                    WIDTH="1612"
                    HEIGHT="133"
                    WC="0.9957463716467222"></String>
          </TextLine>
          <TextLine ID="eSc_line_6625d7d1"
                    TAGREFS="LT334"
                    BASELINE="729 1041 1382 1031" 
                    HPOS="727"
                    VPOS="976"
                    WIDTH="655"
                    HEIGHT="98">
            <Shape><Polygon POINTS="729 1041 729 1074 779 1074 779 1072 780 1072 782 1072 782 1071 783 1071 795 1057 822 1056 912 1060 914 1060 915 1060 917 1060 932 1049 949 1062 961 1069 963 1069 964 1069 966 1069 967 1069 969 1069 969 1068 977 1060 991 1047 1029 1057 1037 1059 1038 1059 1040 1059 1075 1054 1127 1049 1133 1051 1142 1056 1143 1056 1145 1056 1146 1056 1148 1056 1155 1050 1167 1044 1189 1049 1259 1065 1260 1065 1262 1065 1263 1065 1263 1063 1277 1051 1382 1038 1382 1031 1375 986 1364 994 1355 986 1349 980 1348 980 1346 980 1345 980 1343 980 1342 980 1332 988 1312 998 1298 989 1274 976 1272 976 1271 976 1099 977 1097 977 1096 977 1071 998 1063 1004 940 1007 936 1004 933 1001 933 1000 932 1000 930 1000 929 1000 894 1006 875 1009 872 1006 862 998 860 998 859 998 857 998 856 998 825 1009 819 1010 816 1009 804 1000 803 1000 801 1000 800 1000 727 1011 729 1041"/></Shape>
	    <String CONTENT="presentée a Cet Efet"
                    HPOS="727"
                    VPOS="976"
                    WIDTH="655"
                    HEIGHT="98"
                    WC="0.9701361387968064"></String>
          </TextLine>
          <TextLine ID="eSc_line_62f91447"
                    TAGREFS="LT334"
                    BASELINE="850 1131 1215 1129 1539 1115 2347 1040" 
                    HPOS="844"
                    VPOS="994"
                    WIDTH="1504"
                    HEIGHT="177">
            <Shape><Polygon POINTS="1376 1032 1361 1032 1346 1032 1343 1032 1342 1032 1308 1049 1234 1084 1089 1094 998 1063 995 1062 994 1062 992 1062 844 1069 850 1131 852 1171 1173 1143 1247 1148 1249 1148 1250 1148 1272 1139 1293 1146 1308 1152 1309 1152 1311 1152 1378 1142 1395 1139 1404 1140 1444 1146 1446 1146 1447 1146 1471 1136 1492 1145 1493 1145 1495 1145 1548 1142 1549 1142 1594 1129 1613 1121 1816 1115 1818 1114 1819 1114 1868 1099 1921 1106 1923 1106 1924 1106 1966 1094 1994 1100 1995 1100 1997 1100 1998 1100 2030 1080 2090 1097 2101 1100 2102 1100 2104 1100 2348 1081 2347 1040 2342 1001 2281 994 2280 994 2278 994 2249 1004 2237 1009 2175 1009 2150 1009 2148 1009 2135 1010 2059 1022 1976 1017 1942 1016 1941 1016 1939 1016 1927 1020 1917 1023 1908 1020 1844 995 1843 995 1841 995 1840 995 1800 1006 1766 1001 1764 1001 1763 1001 1698 1031 1690 1034 1683 1031 1640 1011 1638 1011 1637 1011 1584 1014 1582 1014 1527 1038 1496 1051 1475 1043 1474 1043 1472 1043 1471 1043 1444 1050 1429 1043 1401 1029 1400 1029 1398 1029 1376 1029 1376 1032"/></Shape>
	    <String CONTENT="Au toit B0. Jlle de Faice le Duit Nevoi au"
                    HPOS="844"
                    VPOS="994"
                    WIDTH="1504"
                    HEIGHT="177"
                    WC="0.9505033663340977"></String>
          </TextLine>
          <TextLine ID="eSc_line_858b96bb"
                    TAGREFS="LT334"
                    BASELINE="1918 1134 1963 1134" 
                    HPOS="1918"
                    VPOS="1086"
                    WIDTH="45"
                    HEIGHT="62">
            <Shape><Polygon POINTS="1918 1134 1918 1148 1963 1142 1963 1134 1961 1086 1918 1094 1918 1134"/></Shape>
	    <String CONTENT="de"
                    HPOS="1918"
                    VPOS="1086"
                    WIDTH="45"
                    HEIGHT="62"
                    WC="0.9986264705657959"></String>
          </TextLine>
          <TextLine ID="eSc_line_ca3e8012"
                    TAGREFS="LT334"
                    BASELINE="789 1225 1400 1212 1912 1171" 
                    HPOS="788"
                    VPOS="1109"
                    WIDTH="1124"
                    HEIGHT="159">
            <Shape><Polygon POINTS="791 1268 923 1232 970 1237 972 1237 1056 1226 1095 1247 1115 1259 1117 1259 1118 1259 1173 1256 1175 1256 1176 1256 1195 1240 1207 1231 1222 1238 1229 1241 1231 1241 1232 1241 1234 1241 1235 1241 1240 1237 1250 1228 1265 1235 1300 1250 1302 1250 1303 1250 1305 1250 1306 1250 1326 1235 1354 1247 1355 1247 1357 1247 1471 1243 1472 1243 1474 1243 1512 1216 1518 1212 1524 1216 1539 1226 1541 1226 1542 1226 1544 1226 1624 1209 1644 1204 1659 1206 1695 1210 1696 1210 1698 1210 1699 1210 1711 1201 1715 1200 1730 1201 1831 1210 1832 1210 1834 1210 1835 1210 1856 1191 1858 1189 1912 1186 1912 1171 1908 1109 1806 1120 1804 1120 1766 1140 1686 1129 1684 1129 1683 1129 1681 1129 1640 1161 1613 1146 1612 1146 1610 1146 1609 1146 1572 1166 1293 1176 1260 1155 1259 1155 1258 1155 1256 1155 1255 1155 1253 1155 1234 1170 1209 1155 1183 1142 1182 1142 1180 1142 1118 1145 1117 1145 1115 1145 1093 1163 1090 1164 1089 1163 1068 1148 1066 1148 1065 1148 1063 1148 1062 1148 1032 1164 1012 1151 1010 1151 1009 1151 1007 1151 969 1152 967 1152 966 1152 932 1173 903 1191 880 1177 854 1164 853 1164 852 1164 823 1166 822 1166 820 1166 820 1167 803 1182 797 1188 788 1183 789 1225 791 1268"/></Shape>
	    <String CONTENT="Puit de la Republique fanes mit"
                    HPOS="788"
                    VPOS="1109"
                    WIDTH="1124"
                    HEIGHT="159"
                    WC="0.9596561520330368"></String>
          </TextLine>
          <TextLine ID="eSc_line_16bd556e"
                    TAGREFS="LT334"
                    BASELINE="1573 1268 1806 1259" 
                    HPOS="1570"
                    VPOS="1210"
                    WIDTH="236"
                    HEIGHT="76">
            <Shape><Polygon POINTS="1573 1268 1573 1275 1612 1275 1613 1275 1622 1284 1622 1286 1624 1286 1625 1286 1626 1286 1678 1277 1758 1281 1760 1281 1761 1281 1806 1266 1806 1259 1803 1219 1741 1210 1739 1210 1738 1210 1711 1222 1708 1222 1706 1222 1690 1216 1689 1216 1687 1216 1652 1223 1643 1225 1637 1223 1612 1214 1610 1214 1609 1214 1607 1214 1570 1225 1573 1268"/></Shape>
	    <String CONTENT="Busson"
                    HPOS="1570"
                    VPOS="1210"
                    WIDTH="236"
                    HEIGHT="76"
                    WC="0.9978740612665812"></String>
          </TextLine>
          <TextLine ID="eSc_line_5067d6e4"
                    TAGREFS="LT334"
                    BASELINE="44 1475 1133 1487 1551 1481 2104 1460 2329 1460" 
                    HPOS="42"
                    VPOS="1395"
                    WIDTH="2287"
                    HEIGHT="108">
            <Shape><Polygon POINTS="2324 1407 2310 1406 2295 1404 2280 1403 2265 1401 2253 1400 2167 1395 2166 1395 2164 1395 2144 1404 2102 1419 2062 1406 2061 1406 2059 1406 2058 1406 2022 1419 1970 1410 1969 1410 1967 1410 1945 1417 1895 1404 1865 1395 1864 1395 1752 1395 1751 1395 1749 1395 1721 1404 1717 1404 1712 1404 1677 1395 1675 1395 1634 1404 1552 1422 1452 1422 1269 1412 1240 1404 1234 1403 1228 1403 1213 1403 1198 1403 1183 1403 1182 1403 1179 1404 1157 1412 1047 1409 1046 1409 1044 1409 1004 1422 826 1422 767 1404 748 1398 746 1398 745 1398 743 1398 729 1404 703 1412 677 1404 653 1397 650 1397 558 1403 377 1395 376 1395 374 1395 343 1404 280 1422 198 1422 140 1404 112 1395 111 1395 109 1395 42 1403 44 1475 44 1495 140 1490 155 1495 177 1502 179 1502 180 1502 213 1495 251 1486 342 1486 385 1493 407 1497 408 1497 447 1493 480 1490 488 1493 512 1502 514 1502 515 1502 560 1493 568 1492 585 1493 631 1497 632 1497 672 1493 691 1490 706 1492 761 1502 763 1503 896 1503 896 1502 897 1502 923 1493 957 1502 958 1502 960 1503 1573 1503 1573 1502 1575 1502 1597 1495 1678 1502 1680 1502 1754 1487 1766 1486 1775 1487 1798 1493 1800 1493 1801 1493 1850 1487 1867 1486 2327 1486 2329 1460 2327 1409 2324 1407"/></Shape>
	    <String CONTENT="Testament Aujour d&#x27;huy deurieme jour du mois de Nivote de l&#x27;an Buitieme de la"
                    HPOS="42"
                    VPOS="1395"
                    WIDTH="2287"
                    HEIGHT="108"
                    WC="0.9898957315977518"></String>
          </TextLine>
          <TextLine ID="eSc_line_a6b2fca5"
                    TAGREFS="LT334"
                    BASELINE="40 1545 323 1539" 
                    HPOS="40"
                    VPOS="1483"
                    WIDTH="283"
                    HEIGHT="100">
            <Shape><Polygon POINTS="318 1500 260 1500 259 1499 241 1484 241 1483 240 1483 238 1483 223 1483 222 1483 220 1483 219 1483 219 1484 203 1499 200 1503 182 1503 176 1499 154 1484 152 1484 151 1484 149 1484 72 1486 71 1486 69 1486 51 1497 45 1502 40 1497 40 1545 42 1583 54 1575 63 1580 65 1582 65 1583 66 1583 68 1583 69 1583 125 1582 127 1582 128 1582 137 1575 162 1557 275 1557 278 1561 283 1564 283 1566 284 1566 285 1566 287 1566 323 1557 323 1539 318 1500"/></Shape>
	    <String CONTENT="de Juen Pierre"
                    HPOS="40"
                    VPOS="1483"
                    WIDTH="283"
                    HEIGHT="100"
                    WC="0.9896813375609261"></String>
          </TextLine>
          <TextLine ID="eSc_line_1aeccd38"
                    TAGREFS="LT334"
                    BASELINE="361 1588 2206 1557" 
                    HPOS="360"
                    VPOS="1495"
                    WIDTH="1846"
                    HEIGHT="124">
            <Shape><Polygon POINTS="361 1588 361 1619 514 1617 515 1617 518 1616 566 1595 589 1603 591 1603 592 1603 657 1592 739 1601 740 1601 803 1595 843 1606 844 1606 846 1606 847 1606 890 1592 945 1601 946 1601 1009 1589 1044 1600 1049 1601 1050 1601 1052 1601 1053 1601 1055 1601 1056 1600 1071 1591 1160 1589 1200 1595 1237 1601 1238 1601 1299 1592 1381 1580 1406 1589 1438 1601 1440 1601 1441 1603 1501 1603 1501 1601 1610 1583 1613 1583 1621 1583 1789 1583 1791 1583 1837 1576 1867 1572 1881 1575 1912 1582 1914 1582 1964 1575 2040 1583 2041 1583 2206 1564 2206 1557 2198 1514 2193 1518 2185 1514 2158 1502 2157 1502 2155 1502 2154 1502 2123 1515 2113 1520 2099 1515 2059 1505 2058 1505 2056 1505 2055 1505 2010 1517 1935 1515 1893 1495 1892 1495 1890 1495 1741 1509 1727 1503 1726 1503 1724 1503 1723 1503 1687 1518 1584 1500 1582 1500 1349 1512 1348 1512 1309 1526 1283 1526 1238 1505 1237 1505 1235 1505 1059 1508 1057 1508 948 1539 943 1540 786 1542 708 1542 656 1532 654 1532 653 1532 622 1542 567 1521 566 1521 564 1521 563 1521 491 1548 360 1549 361 1588"/></Shape>
	    <String CONTENT="Republique francaite une l Jndivitible a Sept heures du Matin"
                    HPOS="360"
                    VPOS="1495"
                    WIDTH="1846"
                    HEIGHT="124"
                    WC="0.9873870249654426"></String>
          </TextLine>
          <TextLine ID="eSc_line_57e0a43b"
                    TAGREFS="LT334"
                    BASELINE="69 1644 189 1632 290 1635" 
                    HPOS="66"
                    VPOS="1586"
                    WIDTH="227"
                    HEIGHT="131">
            <Shape><Polygon POINTS="69 1644 72 1717 293 1717 290 1635 287 1586 257 1586 256 1586 254 1586 253 1586 245 1591 222 1606 203 1598 185 1591 183 1591 182 1591 180 1591 179 1591 162 1604 148 1615 93 1615 93 1613 85 1607 85 1606 84 1606 82 1606 81 1606 80 1606 78 1606 66 1613 69 1644"/></Shape>
	    <String CONTENT="Bager"
                    HPOS="66"
                    VPOS="1586"
                    WIDTH="227"
                    HEIGHT="131"
                    WC="0.9698712587356567"></String>
          </TextLine>
          <TextLine ID="eSc_line_5e025a51"
                    TAGREFS="LT334"
                    BASELINE="321 1680 1004 1675 2298 1647" 
                    HPOS="320"
                    VPOS="1577"
                    WIDTH="1978"
                    HEIGHT="126">
            <Shape><Polygon POINTS="321 1680 321 1695 361 1702 363 1702 493 1693 514 1700 515 1700 517 1700 561 1693 609 1703 610 1703 611 1703 649 1693 714 1697 715 1697 717 1697 755 1689 800 1697 801 1697 803 1697 835 1689 868 1699 869 1699 871 1699 988 1690 1041 1696 1043 1696 1121 1695 1123 1695 1140 1686 1158 1693 1160 1693 1161 1693 1327 1681 1361 1687 1363 1687 1364 1687 1381 1680 1926 1680 1927 1680 2052 1663 2153 1663 2222 1674 2224 1674 2225 1674 2252 1660 2296 1659 2298 1647 2292 1592 2244 1606 2204 1594 2147 1577 2145 1577 2110 1577 2108 1577 2107 1577 2058 1598 2049 1601 2040 1598 2012 1589 2010 1589 2009 1589 2007 1589 1985 1600 1960 1613 1929 1613 1890 1603 1821 1583 1819 1583 1818 1583 1671 1592 1641 1586 1640 1586 1638 1586 1578 1610 1554 1619 1495 1612 1450 1607 1449 1607 1447 1607 1431 1613 1401 1601 1400 1601 1398 1601 1332 1616 1318 1619 1309 1617 1263 1603 1262 1603 1260 1603 1216 1609 1170 1595 1169 1595 1167 1595 960 1598 958 1598 886 1628 872 1632 755 1631 638 1629 637 1629 635 1629 617 1634 609 1637 600 1635 527 1613 526 1613 524 1613 523 1613 457 1638 453 1641 320 1641 321 1680"/></Shape>
	    <String CONTENT="Noux Jean Deury Darscher notaire publie a la Pesidenie du Canton"
                    HPOS="320"
                    VPOS="1577"
                    WIDTH="1978"
                    HEIGHT="126"
                    WC="0.985068891197443"></String>
          </TextLine>
          <TextLine ID="eSc_line_94e1d024"
                    TAGREFS="LT334"
                    BASELINE="351 1761 1865 1757 2275 1742" 
                    HPOS="349"
                    VPOS="1678"
                    WIDTH="1926"
                    HEIGHT="119">
            <Shape><Polygon POINTS="351 1761 351 1797 580 1795 582 1795 588 1794 651 1770 690 1782 691 1782 693 1782 832 1776 863 1788 875 1792 877 1792 878 1792 880 1792 892 1788 921 1776 973 1779 975 1779 976 1779 1013 1769 1066 1780 1068 1780 1342 1767 1372 1779 1403 1791 1404 1791 1406 1792 1478 1792 1478 1791 1544 1776 1548 1775 1554 1775 1606 1788 1607 1788 1687 1773 1712 1769 1732 1772 1757 1776 1758 1776 1878 1773 1896 1780 1898 1780 1899 1780 1979 1769 2077 1775 2078 1775 2080 1775 2101 1766 2157 1779 2158 1779 2160 1779 2188 1766 2274 1761 2275 1742 2270 1697 2234 1706 2206 1697 2175 1686 2173 1686 2172 1686 2111 1697 2053 1708 1988 1708 1963 1697 1960 1696 1958 1696 1957 1696 1941 1697 1862 1705 1841 1697 1806 1683 1804 1683 1803 1683 1801 1683 1751 1697 1706 1711 1619 1711 1591 1697 1549 1678 1548 1678 1487 1678 1486 1678 1419 1689 1395 1680 1394 1680 1281 1680 1280 1680 1278 1680 1226 1697 1210 1702 1182 1697 1140 1690 1139 1690 1137 1690 1114 1697 1062 1714 835 1714 797 1697 764 1683 763 1683 643 1683 641 1683 640 1683 616 1695 380 1684 379 1684 377 1684 349 1696 351 1761"/></Shape>
	    <String CONTENT="de flacq al&#x27;Isle de france nous étant Exprestement trantportes sur"
                    HPOS="349"
                    VPOS="1678"
                    WIDTH="1926"
                    HEIGHT="119"
                    WC="0.982803691517223"></String>
          </TextLine>
          <TextLine ID="eSc_line_22d66782"
                    TAGREFS="LT334"
                    BASELINE="352 1855 1468 1840 1947 1843 2290 1835" 
                    HPOS="351"
                    VPOS="1766"
                    WIDTH="1939"
                    HEIGHT="109">
            <Shape><Polygon POINTS="352 1855 352 1875 487 1866 561 1874 577 1875 579 1875 607 1874 705 1865 817 1869 877 1872 878 1872 899 1869 933 1860 1287 1858 1326 1862 1355 1865 1357 1865 1388 1860 1415 1858 1456 1859 1542 1865 1544 1865 1628 1858 1643 1856 1649 1856 1684 1863 1686 1863 1806 1862 1807 1862 1825 1855 2031 1859 2032 1859 2089 1850 2090 1850 2163 1856 2164 1856 2216 1847 2221 1847 2224 1847 2246 1855 2247 1855 2249 1855 2290 1846 2290 1835 2287 1778 2265 1773 2264 1773 2262 1773 2247 1778 2200 1794 2167 1779 2154 1773 2153 1773 2151 1773 2150 1773 2132 1778 2092 1766 2090 1766 2089 1766 2087 1766 2044 1780 2003 1778 2001 1778 2000 1778 1987 1783 1951 1798 1775 1798 1747 1788 1717 1776 1715 1776 1714 1776 1712 1776 1684 1789 1659 1800 1638 1789 1610 1778 1609 1778 1607 1778 1481 1785 1480 1785 1453 1794 1437 1798 1422 1794 1352 1775 1351 1775 1349 1775 1265 1776 1263 1776 1234 1789 1167 1778 1166 1778 897 1779 896 1779 874 1788 792 1780 791 1780 789 1780 705 1809 697 1812 609 1812 604 1810 583 1803 582 1803 580 1803 579 1803 555 1812 552 1813 351 1815 352 1855"/></Shape>
	    <String CONTENT="une portion de terrein Dabitation Sise an Cette itle au lieu d^t le tron"
                    HPOS="351"
                    VPOS="1766"
                    WIDTH="1939"
                    HEIGHT="109"
                    WC="0.9829843102229966"></String>
          </TextLine>
          <TextLine ID="eSc_line_c97ac86c"
                    TAGREFS="LT334"
                    BASELINE="357 1951 689 1940 1341 1936 2324 1939" 
                    HPOS="355"
                    VPOS="1872"
                    WIDTH="1969"
                    HEIGHT="104">
            <Shape><Polygon POINTS="357 1951 357 1958 511 1967 512 1967 558 1960 574 1955 803 1954 819 1960 834 1964 835 1964 837 1964 972 1960 982 1960 1001 1967 1003 1967 1004 1967 1006 1967 1026 1960 1040 1955 1059 1960 1127 1975 1129 1976 1191 1976 1191 1975 1192 1975 1228 1960 1246 1952 1314 1960 1320 1960 1321 1960 1323 1960 1324 1960 1343 1952 1361 1960 1378 1967 1379 1967 1381 1967 1455 1960 1474 1958 1481 1960 1532 1975 1533 1975 1535 1975 1613 1960 1655 1952 1672 1960 1702 1973 1704 1973 1705 1975 1921 1975 1921 1973 1923 1973 1969 1960 1978 1958 2090 1960 2098 1960 2099 1960 2101 1960 2126 1951 2167 1960 2200 1967 2201 1967 2324 1960 2324 1939 2321 1900 2153 1900 2151 1900 2108 1881 2107 1881 2105 1881 2104 1881 2031 1900 2030 1900 2028 1900 1969 1887 1967 1887 1966 1887 1942 1899 1856 1900 1855 1900 1778 1880 1776 1880 1775 1880 1773 1880 1724 1898 1674 1898 1616 1872 1615 1872 1613 1872 1612 1872 1563 1887 1544 1880 1542 1880 1541 1880 1539 1880 1520 1886 1489 1872 1487 1872 1296 1872 1295 1872 1293 1872 1272 1880 1249 1872 1247 1872 1099 1872 1097 1872 1096 1872 988 1900 920 1878 918 1878 917 1878 774 1895 683 1874 681 1874 680 1874 651 1886 588 1880 586 1880 585 1880 530 1905 355 1905 357 1951"/></Shape>
	    <String CONTENT="Veau douce en le Canton de Flacq a le sle de france appartenant du"
                    HPOS="355"
                    VPOS="1872"
                    WIDTH="1969"
                    HEIGHT="104"
                    WC="0.9832479150006266"></String>
          </TextLine>
          <TextLine ID="eSc_line_8f4887f6"
                    TAGREFS="LT334"
                    BASELINE="364 2041 514 2035 1846 2028 2323 2043" 
                    HPOS="363"
                    VPOS="1957"
                    WIDTH="1960"
                    HEIGHT="126">
            <Shape><Polygon POINTS="364 2041 364 2052 403 2053 463 2081 465 2081 466 2083 528 2083 528 2081 530 2081 629 2053 632 2053 635 2053 680 2071 681 2071 683 2071 684 2071 727 2055 745 2047 939 2047 960 2055 1038 2081 1040 2081 1041 2081 1339 2080 1341 2080 1395 2058 1423 2046 1905 2047 1939 2059 1995 2078 1997 2078 1998 2080 2216 2080 2216 2078 2218 2078 2258 2060 2273 2055 2320 2060 2323 2043 2321 1979 2264 1979 2264 1978 2184 1957 2182 1957 2181 1957 2179 1957 2124 1978 2068 1957 2067 1957 1995 1957 1994 1957 1992 1957 1948 1978 1945 1980 1741 1980 1736 1978 1693 1958 1692 1958 1603 1958 1601 1958 1600 1958 1549 1973 1463 1964 1462 1964 1461 1964 1431 1978 1425 1980 1323 1980 1317 1978 1292 1967 1290 1967 1289 1967 1287 1967 1265 1978 1259 1980 1136 1980 1127 1976 1089 1960 1087 1960 1086 1960 1084 1960 1023 1976 1007 1980 973 1976 900 1967 899 1967 897 1967 862 1976 846 1980 835 1976 798 1960 797 1960 678 1960 677 1960 675 1960 638 1976 631 1979 622 1976 592 1966 591 1966 589 1966 534 1970 506 1960 505 1960 503 1960 444 1972 403 1961 401 1961 400 1961 398 1961 363 1975 364 2041"/></Shape>
	    <String CONTENT="Cen Frodericq Dom Ltenie a loyer prr le C^ne Jean Pierre Bayl lequel"
                    HPOS="363"
                    VPOS="1957"
                    WIDTH="1960"
                    HEIGHT="126"
                    WC="0.9667792438584215"></String>
          </TextLine>
          <TextLine ID="eSc_line_d661db15"
                    TAGREFS="LT334"
                    BASELINE="365 2123 1023 2130 1708 2118" 
                    HPOS="365"
                    VPOS="2069"
                    WIDTH="1343"
                    HEIGHT="100">
            <Shape><Polygon POINTS="365 2143 459 2143 503 2169 505 2169 506 2169 508 2169 509 2169 563 2143 591 2151 592 2151 594 2151 770 2142 783 2142 785 2142 822 2167 823 2167 825 2167 826 2167 945 2148 964 2158 966 2158 967 2158 1041 2151 1065 2167 1066 2167 1068 2167 1069 2169 1164 2169 1164 2167 1166 2167 1212 2142 1266 2158 1268 2158 1269 2158 1271 2158 1272 2158 1293 2143 1354 2141 1382 2141 1385 2141 1443 2166 1444 2166 1446 2166 1563 2164 1564 2164 1566 2164 1582 2152 1610 2160 1612 2160 1613 2160 1615 2160 1644 2149 1671 2158 1672 2158 1674 2158 1675 2158 1708 2141 1708 2118 1705 2080 1656 2069 1655 2069 1653 2069 1634 2078 1628 2081 1622 2078 1601 2069 1600 2069 1598 2069 1597 2069 1576 2078 1563 2084 1542 2078 1530 2075 1529 2075 1527 2075 1526 2075 1520 2078 1503 2087 1486 2078 1468 2069 1466 2069 1375 2069 1373 2069 1372 2069 1354 2077 1333 2086 1315 2078 1314 2078 1312 2078 1265 2089 1232 2078 1231 2078 1229 2078 1173 2084 1145 2077 1127 2071 1126 2071 1124 2071 1123 2071 1103 2075 1053 2090 866 2090 847 2078 846 2078 844 2078 843 2078 795 2080 785 2074 780 2071 779 2071 777 2071 776 2071 760 2074 720 2083 703 2074 700 2072 699 2072 638 2072 637 2072 635 2072 632 2074 609 2084 567 2078 566 2078 564 2078 526 2093 426 2093 367 2072 365 2123 365 2143"/></Shape>
	    <String CONTENT="a Eeprestement requis notre pretent teantport"
                    HPOS="365"
                    VPOS="2069"
                    WIDTH="1343"
                    HEIGHT="100"
                    WC="0.9787603391541375"></String>
          </TextLine>
          <TextLine ID="eSc_line_7b865623"
                    TAGREFS="LT334"
                    BASELINE="426 2218 949 2226 1175 2222 1463 2206 1837 2204 2021 2210 2201 2229" 
                    HPOS="425"
                    VPOS="2149"
                    WIDTH="1776"
                    HEIGHT="112">
            <Shape><Polygon POINTS="426 2218 425 2240 460 2253 462 2253 463 2253 573 2246 723 2255 724 2255 782 2244 804 2255 806 2255 807 2255 894 2246 929 2255 930 2255 932 2255 975 2247 989 2256 991 2256 992 2256 994 2256 995 2256 1012 2249 1060 2256 1062 2256 1063 2256 1083 2247 1100 2256 1102 2256 1103 2258 1195 2258 1195 2256 1246 2246 1281 2240 1335 2247 1339 2247 1341 2247 1351 2247 1475 2241 1492 2249 1503 2255 1505 2255 1506 2255 1508 2255 1523 2249 1545 2241 1588 2249 1589 2249 1632 2243 1650 2250 1664 2256 1665 2256 1666 2256 1715 2250 1787 2243 1806 2252 1821 2259 1822 2259 1911 2261 1912 2261 1914 2261 1930 2253 1948 2244 2198 2255 2201 2229 2198 2158 2161 2166 2145 2158 2133 2152 2132 2152 2130 2152 1924 2160 1896 2151 1895 2151 1893 2151 1846 2158 1724 2151 1723 2151 1721 2151 1695 2163 1658 2179 1567 2164 1564 2164 1563 2164 1560 2164 1490 2178 1462 2166 1426 2149 1425 2149 1333 2149 1332 2149 1330 2149 1269 2167 1223 2181 1198 2173 1197 2173 1195 2173 1135 2181 1084 2173 1083 2173 1081 2173 1062 2181 807 2173 806 2173 742 2179 729 2173 717 2167 715 2167 714 2167 712 2167 693 2173 672 2179 603 2179 592 2175 571 2166 570 2166 568 2166 524 2175 517 2176 512 2175 471 2158 469 2158 468 2158 466 2158 426 2175 426 2218"/></Shape>
	    <String CONTENT="Anoves, au d^e lieu nous avous trouve en une Cate a la Creole"
                    HPOS="425"
                    VPOS="2149"
                    WIDTH="1776"
                    HEIGHT="112"
                    WC="0.9466338186967568"></String>
          </TextLine>
        </TextBlock>
      </PrintSpace>
    </Page>
  </Layout>
</alto>
