2608 2479
1877 1 389 77 daout Ce

1912 71 85 62 de

2164 46 355 75 Dusleute Sist

133 147 865 89 lautre pai la ditte

1022 143 1541 111 testatrice a yeu laptitte Conmbard notair

1954 99 605 77 deuxceuts cunquienme

147 246 809 117 publie en pretune

974 235 1585 124 de reué quiqel et leuis gabriel dennicilée au

147 325 2374 136 det Canton temois à ce recquis et capris appellés devant lesquels

148 458 2338 114 le present testament ayant paur le dit notaire dté lu et relu

157 553 2288 117 un not a prer lautrs à la testatrice belle a declare y persister,

168 663 2023 106 riavon rrcie la y Manges et êtie, se derniere velontés.

172 707 2398 156 fait et passet jous double miincette à la requisitiere de le testatrice

173 773 2396 148 au lanton des pariplemoisses isle de fiance oais la itsanibrede

179 831 2347 156 la ditte testatrice et a caté de Mri lit l'an pouitietne de la

158 900 2365 160 république françaite une et indivitible le érx germinal cinq heures

183 968 2306 153 du Mrce et a la testatrice ainsi qui les tembins signé avec niris

183 1026 2263 184 notaire susdits sus la minutte qui a été contrilties au port

184 1104 2395 179 rordercest le qaterse du dit mois et aippate maretrendise qui a

197 1173 2373 194 réeu mille lirre lagréell est resteten la prottiere cre nolaire

199 1295 995 173 huligne, signé bombarde

752 1319 1767 125 Euscaistie par moi Ecenne hurciuthe huisson Eeffiur vr Eibuna ce vil

734 1393 1820 112 delhle defrance toussigni nue lepeirtton dudit qete a moi prexulé

734 1452 1738 101 acef effet auVoit. M. C. Jsle de france le sept forcatan 8 Blesson

185 1524 2334 153 Cxtrait des registres des mariages du Canten de la eesanne.

2 1658 298 103 Divoue

1 1764 175 63 le lin

1 1693 2564 178 ele tant de la repubiligue, francente une et endivicible le dix huit veutote

1 1857 551 112 Aulener après midi.

9 1896 2463 145 aquou pardisant moi thoma étamie bolgerd naire du Canton de la savanne

161 1994 2382 121 lauilté de Francois alherase domerque seehtaire preffier de la ummicipoalité

203 2068 2377 117 Cant comporur stune part le Citoyen charte sanmere Eagnon effrie de marisne

166 2147 2403 121 marchande domicitie ne ce Cnton re presenté parr quiltaueme loffit et jsepalis

150 2217 2130 142 Se parry l'en et lautre majeur habitant dornuities en le dit canton.

440 2345 2082 122 li néont jus lefrée du peuverce a eux donné pai l dit sanleieu

1264 2412 247 65 Neclarea

421 0 46 99 2

491 16 42 79 4
