2675 2479
508 2 2027 139 près de lui avoit pour motif de nous denviter, Comme de fait il nou

519 79 2049 127 invitoit de les Rediger Sous Sa Dicté L par forme de testament Lolon

531 169 2022 138 Eutage rescrit Ee a quoi oblem pesant noles les avorise remes l traces

515 300 558 74 aint qu'il Suit

546 323 1958 145 Pemierement Declaie le testateur être le fils Legitime d'antoin

491 436 1649 101 faureL de Sutanne Vaché natif Doraige en D'auphine

595 504 1994 132 Declare le d Antoine faure qu'avent son dices il Vent Lentend que

473 585 2100 132 toute let dittes Soient Cractement payée preleviss sur le plus Clair dit

466 678 2096 123 poduit De ses biens qui Sstronveia lui Apparteme en Cette Colonie

567 771 2006 118 Declare le d^e Tettatend qu'il doit au C^en Vincent Geoffioy Tomecilie

450 888 2096 87 au port Nord Ouest la Somme de Deux Cents quarante Ling Peattier

366 970 2174 104 effoclive qu'il lui a avancé a Campte de oduviage de maconnery

461 1052 2034 115 qu'il S'est oblige de faire Chis luis Confonmement au Sousteeux Pive

449 1152 2026 120 palte entr eux, Declacant ledit testateur qu'il ne Connort pas la

458 1258 2115 126 quaritite de toite de maconnerie et la quantité de pierres de taitte que

425 1360 2152 112 Sont en tres Dons le vatiments qu'il a eleve au la marin suol'habitation

439 1480 636 80 du d^te Juicent Geffro

538 1565 1974 104 Declare qu'il a demême Conthuit Laus mêmer Condition Ches le

406 1659 2128 103 Citoyen Soachin Michel Geffroy Domicilié au Lusdit Canton de la

404 1772 2184 91 Sevenne, un Toursier Lune Cove de Moutin Dons letquels il a Emptoye

1966 1863 111 70 du

411 1864 1502 90 une quantité de pures De taille fournies prr le d^e

2104 1870 484 102 jeffroy dontel

417 1955 2187 105 n'a pas le prix a repeter. Declare le de Testateur qu'il Vient de trouver

392 2056 2185 126 unes nole du toite de Cousrage qu'il a faite pour le C^in Michel Geffrox

378 2152 2217 127 Sur son Dabitation Susit Canton de la Savanne Equ'il ida arepeter

370 2249 2216 139 du d^e C^e Proffioy pour tous ourrages faits Chise lui pour le prix de

356 2372 2163 105 troix Cents quatre Vingt Cinq toises de putes de tailles Ede quatie

280 2043 20 35 5
