2575 2479
571 50 1948 123 Partagé de même Savoir moitie a Seanette Ll'autre moitie par portion

1996 38 87 55 10

2101 41 82 48 3

2129 72 437 58 Cent Cenquante Buitie

573 144 1981 95 Egale entre Jeanot, touite indienne Lmarie Louite mes Domesiques leur

566 224 1967 101 en faitant tous donss legs Lrevoquant teute Ditjotition Contrann aux

571 300 312 74 preteutes.

617 363 1948 96 Se Confirme au Suplus mon testament pour toutes les autut ditpotition

632 446 1920 86 a la Villebaque Jsle de France le Vingt éeu toermedor au Septieime

533 521 2022 101 de la Republique a Dix heures du maten Sigue Sulienne la pruust Mayd

855 610 550 82 a la suite Estecrit

551 659 1968 127 Pertiféé Veritable Lsigné Suivent et au desir de l'acte de Continnation

548 797 26 34 d

596 757 1970 91 Tapotition de Scelles Sur lea Effits de la V^e Magon, Signie ly de sus

548 835 2009 107 de Ce jour Quatre Demmane de lan Ductume de la Pepublique Francaise

557 919 1978 119 une Lrud Signe Lepuuray, Revit, Demars Moyan, De teives

399 1009 1489 113 S magon Ville bagne, C. Socute l Barbes

567 1107 696 82 S la Suite Est Cent

637 1159 1870 108 du lour le Depot en notre greffe, Conformement à notre ordonnance

562 1243 1928 108 de Ce jour, 4 Frnncaire de lan de de la Rep^le Francaite une l end

538 1326 1476 118 Signe Ct Joat. Collationne Signe Baibér

643 1399 1887 113 ontrole au Poit 1.C. le 4 Deumane au l'E millelivre Digne

523 1517 358 98 Jaiboury ady

961 1512 7 49 9

445 1637 139 44 E

929 1502 1592 127 Enegistré par mii Etenne hiacuttre husson Greffier du tibemal

927 1581 1613 125 level delhle de france toussigné rue ublapedition dudit levament

934 1695 588 89 a moi presentie aut effe

934 1698 1605 158 Auson dunord duest hedefrance le cenq Bianmaise delan huit

934 1805 841 120 de la Repᵉᵉ francaise une lnnd

1829 1798 216 88 Busson

438 1985 91 87 105

220 2082 317 127 Teslament

540 1981 1996 197 San Sept De la Republique feamaite une lendivitible le quaze fructitor

352 2162 418 93 en de relivil

659 2119 1865 153 Cardivant nous Francoite Attanate Domerque notaiie Sublie a l'Ille

216 2261 288 89 Antoine

537 2209 1967 151 de france à la lesidince du Canton de la Savanne, en pretence ese

250 2324 189 120 fare

502 2282 2009 168 Cacques Bourneuf LJean Boptiste poitton y Demeurants Se parement

1154 2364 1350 113 trantportés Sur lhabitation, Eppartenante An
