3208 2479
1042 1 718 94 Enigntie par moie

1942 60 22 40 3

2074 4 175 80 f

2818 12 303 117 Vousenua

1039 49 821 146 du letennal ervel celh

2177 81 54 84 1

2362 24 49 83 2

2422 45 280 58 2

1027 126 1034 150 duclu rcontrat demaiage a moi

2351 126 193 109 tnegt

2588 199 204 103 10n

1035 198 1288 200 Acloit du Non vicest Jlec France le

1812 265 448 152 fri une Bl

2282 268 43 63 4

2483 265 90 42 384

1046 355 692 135 au hieit dle la Rref

2482 359 152 87 2

39 506 2718 267 donation Pardevant les notaies publies n l'itte de france Soussignes

2213 538 828 204 de Tolonie au pre Moid

55 798 194 72 1 80i

511 683 1668 180 Jut Fresent Sierse Dacquemain Demeurant en Ce

35 859 360 105 acquemait

2706 804 383 77 Pre sin

458 683 2657 298 ouestLequil a par Cs presentes fait Donation entrevifs inivocable

24 845 2638 263 Noune Brettin en la meilleure forme que Dounation puitte Valoir a forime

2880 988 184 73 aetne

439 897 2640 263 Creole de Cette iste agée de quatorse ans Sa felix son fils age de

38 1163 307 172 so enfant

444 1017 2297 251 Duit mois le Accepte pour eux attendu leur menorite par la l

431 1249 790 136 fauchon Citoyenne

1260 1134 1784 178 Touteur leur mere Layeite Demeuronte

422 1295 2035 192 den Eette l'ilte Colonie Ausoit nord cuett a le presente

614 1450 2504 136 de la Somme de Cinq Cents Siastier Gectivis Monnoye LEspagne

2902 1521 109 55 er

413 1554 2475 142 que le C^e Jacque maiss à Comptée l Reeltement Dilivrie a la e

524 1688 88 76 de

619 1659 2353 125 lanchon qui le reconnoit pour letdits à flaine Diesten

402 1754 2671 139 Jou JusI leur Appertenir Savoir à la Mere En propriete lanfit

391 1884 2697 141 en fils jue le Sous les Conditions E ainh qu'il ett Determine Cy
