3217 2479
238 13 21 73 1

199 28 35 54 2

421 1 94 56 3l

337 326 146 80 1

358 435 135 84 du

108 523 352 131 Sepst de la

285 625 142 100 ele

122 765 303 94 Signé

1019 1 2175 127 me Reur de puis tougtem; l qu'il ne Contice avec la memé

2360 1 395 30 10418884

1008 64 360 91 Cachtu de

1414 104 1702 113 ;L qu'apres son Affranchissement porfaits

996 162 2205 138 accompli, mes hesitiers fastent entorte de l'Engagera Contemecr

989 287 2168 117 Sea Joins a mon Atteliir en Contequence Se Veux Lentend

932 396 20 48 4

993 377 2173 131 que mon Decis arrivant, le dit noir ne Soit Compés en mon

997 486 2137 118 inventaire que pour memoire Seulement, Chargeant de Ce Soin

1005 583 2163 120 mon Executeur testamentaire nommé en mon dit Testament, que

1009 676 979 102 je maisntiens en Cette qualite

2025 701 753 95 a lEgard du present.

1049 771 2133 131 Aitli fut fit dicte Lecommé pat olsetde Cominans a Jean

971 880 799 100 Pierre Aaffray notaire

1793 903 1312 98 SuD^e LSoustigné Laux Ce François

979 990 2137 103 ternit Contétier, L Etienne Besichon Arque biitier Demeurans

957 1090 2209 104 Se parement en Cette ville temoins appellés et en leur pretence

961 1220 2198 80 lu le Relu au dit Commans qui a dit Avoir bun Entendie

940 1313 2180 89 que le pretent Contient Sa dernière Ditposition qu il veut

954 1410 2201 91 etre Executie en la de ton deces,; ainti que son Sutdit Testament

956 1512 2167 91 qu'il maisitient Pya pertitté fait t Recu en Brevet

939 1626 2170 88 Sur la Requitition JuC Commant dans la d^e Chambre

1087 1581 175 68 dp

931 1724 2212 110 a Cote. De Son lit Au port Noir ouest Jsle de France

949 1848 2126 88 Se peuf Germinat An Nuit dela Republique

910 1943 2159 99 Pancaité une C Judivilible neaf heure du Matiin

910 2039 2078 110 t a Signe avec les temoins le notaire. Aimh

66 1003 323 107 de Levns

48 1121 362 97 siacinthe.

57 1209 370 102 vil de la

63 1304 370 111 signe Sur

96 1379 306 127 pretenté

89 1596 320 115 de France

108 1707 246 104 se la
