3042 2479
457 38 2455 160 las de mou deces Se veux et entend qu'a Compter de l'Epoque a laquelle

483 132 2477 139 it Arrivera, les interete de la de Somme de dix mille livres soient par mes

501 213 2443 132 Beritiers Sayes au d^e Canonge Chague année tant qu'il livra ; Siron t

483 298 2459 122 Se mieux el anne qu'il lui soit paye par mes heritiers une somme de

478 377 2471 128 quatre Cents piattres moyennant Lequel sayement ils Seront de charge

480 458 1098 113 du payement desdits interet.

599 557 2356 90 de Veux Et entend qu'en cas de mon Deces toutes les ferruies que

482 633 2448 106 Se trouveront portier duis mis Comptis a la Ehrarge du C Blas

489 729 2401 102 maitre menuitier Soient Biffeir parcequi je lui fairs don Lligs

385 816 2583 101 Labandon abtolu du prix de toutes les d^e feuniir Lj Veux Lenteir

497 914 2466 95 eu outre qu'a la fii de son ouviage il lui soit par mea heritiers Page

497 1010 1068 86 une Somme de trente pastict.

385 1173 2586 87 Lamedir marchand en Cette Ville que Se prie de me bindre Ce dernier

592 1076 2345 113 Se nomme e inttitue mon Executeur testamentaine le C^ Pire

438 1265 2526 86 Servrie af effit de Quoi je me destait en Ses maina de tous ane

445 1338 1768 110 diens Suivant La Coutumée ee les Neglement

563 1425 2428 107 Ainti fat fait Dicté Leuommé par le Testateur à Sean pierse Auffray

442 1549 2547 76 notaire Sutd l Sonttigne, Laux Eitoyen Francoi ternel Contelur

445 1626 2563 96 E Etunne Berichon Arquibuzier Demeurans Separement en Eette

453 1714 2543 110 Ville temoins Appelles au present L en teur pritince lû L Reli ain

450 1816 2558 125 testateur Celui li a declae avoir bien entendie, que le pretent Contient

409 1915 2610 119 Son Ordonnance de libre S deriece olonte qu'il veut etre Executée au

392 1996 2629 135 laa de Son Dicis Ly a perseste fait sRécie en revet Sur la

399 2083 2629 167 Requisition du leslateur a Coté de sou lit en la Chambie Susditte; au

431 2210 2591 143 sort Nord Cuest Jle de france le Vingt Sept Ventote au Sept de la

418 2315 2589 151 lepublique Fraiscaise une l endt Sexheures de Relévie Lale
