2479 2617
332 1 1103 65 pit feut exeule commé elant son antention

2064 8 140 77 cel

351 1 1600 134 Cefut anni lan dece Anomme audit Notaiie pur let ostaleur

348 63 1696 149 les Cit Louis Maution dememant aususdit lieu de la Poudree

346 125 1936 190 et Jean Autant demeurant ordenainement enlouille du Poit Moin acert

359 220 1939 179 rue detancienne Pompe etant rejour a la poudre dor témoins au reques

372 325 1835 191 et apelles et après quele present son testament lui acté lu treléu un

1927 401 284 99 redessur

2106 462 167 107 san

378 476 1545 114 mot après lautre ledu testateur aveclare presence detemains

396 555 1665 118 nomme lavoir bien entendre y pessister comme contenn

1962 620 165 67 P8aet

401 681 1157 80 imeution et ordonsience dederniere volonte

399 687 1883 196 fait et yasé double selon laloi a le poudre dor en la Chambie du lestate

2064 766 185 74 dela

398 824 1623 119 cellesson decrite et clenguée le vingt le ptmessieleur delan Sy

399 898 1786 147 Republique francaise une Ancelle avant mede lont le testatem

404 982 1755 162 cusemble les temoins signi et praphé pr recle a verso deeus

418 1086 1802 155 mumaltes des presenter dont run pour être iuvayte au lemeou.

427 1166 1799 171 ds Chastres ds Colonies Loutie flon trollée au port Noid ouste

440 1259 1758 178 lequatre Rhemador Suivant par Marchandisn qui a marque

447 1340 1802 163 retu mille leves est dememee au pouvoir de Balleau Nolaire

452 1494 778 116 foussigu Siyer Battaau

777 1453 1456 202 Enregutre par umoi ftieme houuttée hussan Greffeur

779 1549 1457 181 Eu lubunal level de lile de france soussigni lui

814 1623 1391 181 une cyevtleon dudet acte amoi préscntre aat

827 1788 33 71 4

1865 1781 311 106 francan

827 1708 1336 186 Va Poit duMoid cent Heel Francs le lein

814 1807 999 164 fucndor ou sept dle la Republiqu

820 1939 661 87 ue Fend  Butso

1286 2096 909 126 comparie Rardivant les

655 2140 602 173 1 Jour D'hir est

581 2227 45 67 8
