2875 2479
354 6 2402 126 les Diens meubles l Conquits, inmeubles qui se trouverons être et appartenur

356 96 2397 121 au premier mourant au jour de tou dcis, en quelque liet que les bien

348 192 2389 108 Joient Situis pourr en jouis par le suivivant en utafmit Don formement

387 267 2340 136 a la Contume Pourve toutes fois qu'au jour du d^e Dicis il n'y ait

396 370 1440 118 enfan Vivant ou a raitre de leur mariage.

475 482 2281 112 Et pour faire itinie d'les pretentes ou betoin lors les parties ont Conttitues

414 585 2339 111 pour procureur le porteur de l'Expedition Auquel donnant pouvoir aicte

411 683 795 95 que d'en requrir Acte.

475 767 2298 125 fait asté en double minutte en l'Etude au Canton de flacq al Jsle

410 869 2339 123 de france, lan Duitume de la Repte Francaite une l Jnd^r Le dexieme

385 970 2359 122 our du moir de frinmaiie Après midé en fresence des D^ Louis auguttice

384 1089 2382 103 Jahan Larmand Dayard tous deux Dosticalier Separement en Ce

395 1187 2294 117 C Canton temoins exprès Roquis au tretent acte, lesquel ont

407 1279 2287 120 Signe avec nous notaire et nou lea Comparants lesquels de ce faire

443 1406 2320 86 en tespelles dux terme soc Todonnance ont Declares ne favois ue térice

413 1491 2310 102 ni Signer dint Signe Sur les deux minutte Le Cahan Bayare

399 1593 2402 99 Jean henry Dustchet notaire public Sur une detqulles minutte Demeure

410 1702 2361 91 au pouvor du Notaire Soustigne Ett Cerit en marge Controlle Au port

420 1811 2258 92 nore ouett le Vingt neuf funaire An huitienme pair marchandite

422 1911 2355 102 qui a pasque R ille Livies Signe en l'Expedition S. Martchit

972 2021 1780 99 Dnregistre Par mor Etenne Diannthe Dasson

907 2111 1855 106 reffier du tribiinal Civit de la Colonie de l'Ille de Franc

881 2206 1894 100 Jouttigne Suc une Cepeditton des presente a moi

876 2304 810 88 presentée 4 Cet Effeit

1073 2368 1726 109 Au tort dC. Ille de irance le Puit e evou au
