2808 2479
2199 1 73 47 2

358 1 1832 100 aus enfent d'un de des etelaves décedét Doit auvitot son srcts

338 8 2292 190 et peur que la dite marie loupte véc dstnfrtoiletit aus are doit

282 144 2424 153 ¬pourt a charge à la Oolonié Ca testatrice lui donne et legue laze

322 261 2399 125 Auverte en paille, de dixneuf pieds de longeuir et de dia sept de largenr.

349 351 2363 150 Nonné et leque la testatrie au Citonen fatan namboque Treole quence

292 451 2397 145 son fillieul une Cate à la Cuole etante dans sa come Oouverte en paitte

307 527 2346 157 Veuviront queuze puds sur quatorze pour en jouir en toute proprieté.

279 677 2381 125 donné et leque la lestatrice le surplur de tous ses bient sant aucuner

292 772 2385 142 eaption au Citoyen francois ailsa commendeur des forges de la république

272 897 2249 124 don frere, pour par lui jour des dits biens en toutes proprcetée

265 999 2329 106 et pour dexunfr le prfsent testament la testatrice à choisi et

243 1097 1610 90 nommé la personne du dit françoit con frere.

234 1169 2419 136 Ce fut aiurty fait dicté et nommé par la dite testatrice a puere yve

225 1286 2438 96 balû notaur publie de mairont en atte ville rue de l'hopitat, au Ctorzon

220 1393 2411 79 augrestain danmbot demeirant en cette sille au meun quartieu des yolophat

191 1483 2443 85 au Citeyen alexis vanibas auployé a Partilere; demarant en cette yille

162 1575 2455 85 au monte quarlier temoin pour ce reques et eapris appelté en né vence

141 1662 2482 85 dequels le prévent deslament ayant été lu et relu un met après lautre

128 1746 2476 89 e la testatrue ile dlcatré y persstor e être ses dermer Volorités, fait et pasté

119 1835 2494 93 eit à la réquititont de la testatrice port norouest iste de france, en la

99 1922 2387 130 maison de la testatrice a caté de hou let, le quartiet de la devonde
