2214 2477
170 1 1972 146 Premiurement Je donne ete leque et la Nommie le sla negrette tibre la

191 55 1933 169 Somme de Cinq Contre piathes Effeclives a prenitre Sur mes bins

192 214 908 99 Après le dies de mon pouse.

283 209 1822 176 Serondement je donné Lligne une punible Somme de Cuny Cents

209 291 1887 185 piattion à Victorine Ereole libre Agéé de Quatoire aus fille de

198 377 1936 169 Dubet detreau A prendre Antté sur mes tiens Après le decer

214 539 506 76 de mon Gpoute.

312 551 1784 146 troisiement en Cas de deces de lad. tesla les Ciny Cents liatties

209 628 1889 145 que jlui legue seront Revestibles au Nommé Raphail son fils

201 738 1226 130 Auquel En Ce Case jenfais son Flegt.

290 799 1813 153 de diclau Affranchir le domme jatmin endun Agé de trente

198 908 1832 126 Cinq Cins mais i ne pouria y fntendie lu'apres le sices

209 985 1863 129 de mou Gaute et pour Evitia Ceui fasenin d'itre a Charge

229 1077 1772 120 a la Calonie je lui ligue uni Somme ix lent piastres.

331 1169 1720 117 de Recoinmande A mort poute le Soit de la Nomimée Louison

268 1250 1805 115 Et le Surplus de tous mes buns Apris le dici de mon Eoute

262 1337 1810 103 et les legs cy dessus Aecomplise, je les donne et legue a Francois

205 1413 1860 115 Victor lBéritir mon filleut demeurant Chit le C^e Gefficy

195 1505 1933 96 Son Ceau Pere Dabitant à la Savanne le nommant Et instituan

194 1572 1265 123 par le présent pour mon legataire univertel

327 1660 1803 89 Et pour Exicuter le pretent mon testament je Choite Lucoume

217 1751 1867 91 le C Dousteau pert mon Ancien Ame que je prie den prendre

218 1838 1777 84 la peine et mi sonner lette dernure marque de son Aimitie

275 1893 1784 123 Le sut Ainsi, fait Ddicté mol a mot par le de Testateur a jéain

183 1995 1999 107 Ditin notaire Goussigne, en dictence La sette Sange Poulain dubignon

177 2073 1957 126 Negociant t de Charles François Conneaud BBerirgun demecurant

192 2150 1971 134 Sepurement en Cette Ville, te moin C appelles a la Requititioin cdt

221 2243 1886 137 testateur, Auquel le pretent son lestament a ete lu Lotéla ase

232 2331 1848 132 mot Après tautre, a declaré toni tentendre qu'il y sestitte
