3017 2479
498 95 1488 101 Noirs ou negrestes de proche Chacun a leur lhoix

559 161 2311 100 dinNitue mes trois enfants mes legalanes aniver se la Chocun pour un turs

497 227 2376 110 magondemedine etant Celui de misenfant qui na le moiss Coute pour le

497 325 187 85 et a l

710 329 1764 110 auquel pai le moisns donné de lui donne à litre de Préleq

2479 286 365 85 Loute emon

314 391 55 121 6

486 417 372 78 argenterie.

567 483 2410 118 de Declare qu'il a caitte a la Villébague dans la Chambre qu'il occupot et qu'oresput

457 583 2477 102 li devant Sa funme deux lets Garne, deux armonis renfirmant des cfet qui

460 667 2488 102 lui appartiennent Ddont je ne suis que Sepositaire plus une frande prace

468 768 1338 101 LSix fautents de bois de bite Notenes.

1830 790 24 47 1

555 831 2405 126 de Seclare qu 'il lui appartient en outre Lou il m'a loisté a la Villebague tort de

449 921 2507 116 Son de part pour france Six nisssdeux negrestes sevoir Lafleger agé de trente aus

428 991 2550 131 Discenthe de Vingt ans sherre etant tras morambique Francois age de Lé & dosepts

422 1096 2519 114 de quararde Cinq tous deu malguches, Guslave indien de lingt ans. Sophie

444 1203 1779 110 agée de 40 ans Ae Chuilote de 1toutes deux Malgaches

2330 1225 27 46 4

529 1286 2354 93 de Seclare Ausse Avou dosie a mon fils Vllier tort de Lon manage Cing

464 1381 2415 92 noirs Lue gressis Sevoir Lelie endanne Catumice malabur, Ansatte indrun

411 1476 1265 83 marie Jeanne Preole Efidite indien

542 1554 2411 91 Desisant reconnoitre les Services que ina unirns Mr^e Laucent&lui sonnei

402 1637 2503 96 Cette dermiere marque de mon Amitie Ede ma riconnoistance se lui sonne Et

450 1728 2451 96 leque Savoir pour et sufruit pendant sa Vic Let a sesenfants aprèa su mot un

453 1815 2456 106 terrin d'hubitation de 16 aipens a prendre a ton Choix dans les terin qui

461 1908 2452 120 m'appartrennent dans lenfoncement des pretes lus je lui Donne et legue

462 1992 2447 130 les nons ucgrettes cy après Retemprun Vielle negrette, Jvon fageron

458 2098 2465 124 Achilles Dome Higue felit Francoisl Vauline Ses enfants plius

449 2192 2501 129 Jean Bapteste Peni apreitife forneson l dcolatteque Treote de 4a

467 2276 2442 150 13 ans. Se nommé pour Exieuter le pouteit lestament M^r DEjunay

1352 2378 108 99 leg

1480 2388 1512 89 que je lui fait dun terrein de Centinquante

2847 1 23 37 3
