2479 2875
348 1 2124 77 ee vou usufreil Lolus le las ou lou enfant de cederoit avant el le Sans

341 59 333 91 Pisterite.

397 122 2074 119 Cettd. Donation Est faite par lainitie que le C^e Sacquemain porte.

367 236 2104 118 a la d^e Floine Rrestin La toufits Len outre pareque tel Est la Volonte

381 346 385 110 du donateur.

499 436 1960 124 La C^ee fanchon affeite a lipottreque tous ses biens patens et avene

354 546 2115 129 a Tetturance du payement detdite Cing Cent prattie Effative. L. de leuir

365 672 456 105 produit annuel.

466 715 1987 129 Lour faire enhncer Ces presentes partont ou besoin sera les Comperants

402 846 984 104 Donnent tout pouvoir au prtee.

455 916 2012 133 Pour l'Execation des prisentes les parties font élection de domicile Chacem

391 1020 2081 117 en la denmeure en cette ille aux quels lieux nonobstant; proncetthut, Recioricant Le

437 1119 1997 106 fait ipatte en double minute au port noid oues etle de france en

400 1202 2021 126 l'Etade le Six Vendenitant au huit de la Repuiblique feancaite une lindte

378 1301 2038 133 Après midé et à le C^e Sacqueman Signe aprs teture faile non la

413 1435 80 58 Du

404 1464 36 53 6

515 1391 1916 129 faichon qui a declaré ne lavoir ccrire ne Signer de Ce enquit suivant toroinuante

397 1495 1995 118 le C^e dacquemain lla Ce fanchon ont repretente leurs quittance

397 1574 1989 135 d'impotition Delivnes par le C^n mautqué Recereur Souns la N° 5341

507 1683 1879 131 Sur la premare meuute deg presentes Restée en la postesthion ée

375 1771 1995 116 Rose l'un des notaiie Soussigue ett rcsit. Controté au port nd le

373 1868 1973 128 quatoire Vendemiaire au Mut Rieu Vingt Einq molle levres Signe

378 1955 1787 124 Marchandite. La l'Expedition Signe Rote Le Jilen

686 2060 1666 102 megittre Par mor Cteune Biacenthe Busson Greffer du

691 2149 1617 90 Tubugil levil Det isse de France Soustigne Sur une

674 2231 1666 100 Aapeditions des pretinte a moi pritentie et cet Efe

745 2322 1580 88 da Put Nordouest Jlle de France e Vingt neuf Vendemeat

659 2387 1029 98 n huit de la Repte Jeune l ind^t

1689 2392 133 54 let

1453 2456 225 102 Busson

1619 2606 15 39 2
