2483 2508
1352 1 58 28 1

266 1 1036 93 au dit lien du boisronge

284 1 2040 223 qui yest compris, plus le nome mannel mosambeque

2191 78 209 80 pour

277 114 1846 198 et le nommé francois indun a elle apparte nante

281 202 2112 209 les dits objets contenus dans le priseert legt etre pars

303 302 2118 221 le dit gabriel reuis a la nommmére perie isclate de

326 436 2060 203 triolit de triclet et meu delle testatrice, aussitet qi

300 614 1406 142 la fanmille aura obtance la libert.

288 660 2133 188 Et afin donne et legue la testatrice a la nommée

292 781 2114 153 aruel sa sarnel la moitie se don linge et uitre

287 877 2179 151 la mmmes pedre modambigne, le noime liers malquil

285 1028 1519 89 et une bévirrige moimmiée jacquites.

264 1099 2185 125 Et pour exccntet t accomplie le present son testament

263 1210 2169 98 la dette testatrice a cherté et noiiré le dit Citoyen

273 1305 2172 107 gabriel le roux regissenm de l'etablivement de trislet

248 1396 2207 118 eutre les mains duquelle elle di trouve dissaiti de teur

267 1496 2165 120 ses biers aux terme de la contiinné pour en disposen

254 1627 2120 79 copormement a ses intentions ; declarant, ammuillice tous

254 1719 2145 83 testanmentt et cosicile auterieur au present au quel

252 1811 2150 76 seul elle Varrite Coomme. Antenant Sit dermere

248 1899 2163 96 pelontes quelle veut et entend être excintéss a pris

282 1991 356 94 son décèt.

266 2042 2094 123 ce fat ainté fait dicte et nommé un mat après
