2883 2479
539 61 2160 135 aussi augrene libre indenne san epoure de lui authorisée à leffetele

508 174 2171 119 presentes de meurantes ensemble audu quastice de la Réviere noire

1734 179 37 63 dt

544 272 2170 135 dlant Ausni cejour sierdie pot et paroisse st louis dantre part le qui

1424 258 175 58 1i

1619 268 20 50 4

477 356 2228 159 du S Leborgne adit que paracte recl par Me Sette notaire an cette

121 517 133 42 DE 28

535 450 587 128 Ile qui en agarde

1140 506 1485 91 innuitte et son cionfiee le deux mars neil se

2650 477 71 75 1

553 566 2219 129 rent quatrevimgt dépi il aurait fas ie Bnation pure sesuple et érrevolade

509 626 48 54 du

568 681 2199 131 et dans la meilleure fonne que buation juissé avoir cien à la nommée

1694 703 60 53 24

574 767 2202 143 Cattierine maresse crecle libie felle dudu antoine Virapa ls deniarie

176 846 59 67 33

253 863 281 87 LE AL BIS.

166 914 13 54 1

560 863 2168 153 aza dune portion de tesrenm labitation titué à la grar. de savanne

428 961 2234 180 uelle détailléé et débonée audit acte de donatton et c ex letres

2268 1008 182 52 11

2490 1009 18 45 8

567 1075 2095 163 de popriété quil en arenies aux d. Verigs et la femme, ei deequel

561 1189 2105 145 dit tervens habitation, il jest recerne lunefmii lavie déesante qua

345 1227 163 71 1d

553 1254 15 37 1

577 1295 2166 144 cet aiti a été revêtie de louter les fomis itér necessairei porur en assa ce

264 1338 309 69 275

550 1407 2129 136 lavaledite; que lesdits. Veraga et serfemme halstant ou qurtien

1055 1368 118 56 dd

444 1439 89 102 1

582 1506 2079 149 foit oloigné dudie lieu de la savanne Aupourdhui conme téur la

309 1543 185 80 Dont.

578 1600 2097 150 denommation de Port souillee et etant etablis sur un vien que leis

330 1654 59 63 1

436 1652 112 91 3d

563 1654 110 59 t.

584 1713 2102 147 du fieur Le borgné a donné a la nommée Marie asa eceprés ede

563 1762 73 66 d au

582 1827 2104 139 te possimons audit quastur dela Reviere noire tonnderait

1424 1823 27 40 3

1867 1835 212 61 pe due

584 1922 2135 136 qul eran plus avantagne a Cathene leuci fille de possicnir

1506 1914 331 71 4tmt

537 1980 26 87 9

586 2023 2123 151 unbien qui les avonmat lui aureacent prrposé dechangte le det

571 2130 2141 156 terini ss au soit souillae pour uni seme habitatioin a prandie

1442 2123 241 64 dI

577 2239 2106 135 fur celle alus appartenante ondit lieû etéla Riviere moire

584 2341 2073 124 auy mêmer charges et con ditiens que cellei portéce vie lacle

882 2404 35 62 4
