2608 2479
963 4 114 91 lale

1343 1 799 55 vil det Nle lpale

1143 42 1099 105 de louquial presenté acut effet

963 130 1384 98 Autost dunoû vusf lelesle France te

2431 77 138 75 1er

976 195 1596 125 jesmmal delais huit de la Reper fu re cui

259 320 538 131 pardévant

1916 291 358 101 Busin

33 417 358 95 Restame

927 370 888 178 le notaire publie

2125 435 111 48 1

33 495 604 86 de franciTonialie

41 590 219 62 AVeuve

666 539 1866 122 au Canton des pairnplemousses etle de

39 622 557 149 eayandfrance

618 658 1828 117 astisté des té mons cy apris nommé et

275 771 2217 113 Soustignes fut presente. la Citorzenne francoite

298 878 2075 120 veuve de defunte jean touis nayant donsicilie sur

298 977 2197 126 lelablissement de tritotes situé au dit Canton, ou le dit

301 1085 2046 117 notaire et temoins se sont rendus a sa réquisition

263 1210 2284 124 Laquelle etant dans lun lit malade de copt mars saitne

268 1320 2297 126 desprit memoire et entuivement ainsi qu'il est apparee

314 1406 2232 125 eux dits notaire et temoins, a fait inten et nonaimé son

307 1505 2234 111 les tament et ordonant de dernmers volonte, quelle sent

309 1600 2249 122 et entend etre excmite a pris son déces de la maniere

304 1706 763 80 et ainsi qual suit.

293 1831 2075 112 Prennerment ibaine et legué la testatrice a le

305 1950 2128 81 nommée reme su merl un aine de caste noseustigne

308 2041 2060 130 nomeme jalin agé de viirgt Lapt ant eu verons, plus
