2479 2517
442 1 922 84 Seclare qu'il a dememe Conttreit

323 1 1795 187 Citoyon Soachine Michel Geffroy Domicilie au Susdit Canton

2078 12 363 115 l a Eenploye

320 97 1718 170 Sevanne, un Courtier Lune Cove de Moulin Dons lesquels

1761 109 688 158 d ou Geffroy donte

323 208 1418 155 une quantité de putes De tailte pourmes pro le

330 232 2118 223 n'apas le prix a repêter. Declare le C Testateur qu'il vient de trouver

303 328 2125 224 uneuiote du toite de Touvrage qu'il a faite pour le C Michel geftroy

288 439 2149 207 Sur son Dabitation Suvit Canton de la Savanne  qu'il na arepéter

282 532 2145 218 du d^e Ce Groffroy pour tous ourrages fuits Chete lui pour le prix de

264 651 2131 179 trois cents Qquatre Vingt Cenq toises de petes de tailles Lde quatre

257 757 2145 181 Vingt tuize toites de maconne lesquils forment entesmble une som me

2099 832 303 113 Efective

251 865 1781 168 de deux mille hiit Cents Juarante Tenq levre au prattre

264 1023 884 83 Aracton de dex levie lune

355 1052 2009 164 Declate en tuite le d^t Testateur qu'il a gulement Conttemté An

270 1145 2141 152 Meme Condition Ches le CBaptette Gollet Domicilé au d^e Couton

263 1244 2076 155 de la Sevanne le Soubastement d'un Catement de quarante Duit Pudt

260 1347 2100 143 de toug Sur Vingt den de laige dans lequel toutes les putles, de laille

251 1451 1767 140 qu'il a Employes ant été fournies par le de Depteste Gallet

353 1557 1986 109 Declaie le d^t lettateur qu'aus Cas de sou deces it sent Et

221 1647 2116 112 entend que la nommmé Nanette négrette Er Préole Acu d'Environ

165 1732 2106 116 Cds Duit Au Son Eelave Soit edemeure Affraiché de toute

194 1833 2150 119 Servilude Geniralement Queleonqué E pour se Confoinier a la

188 1950 2145 80 loc Ce touchentE pevoir à Ci qu'elle ne soit point à Chaige a

160 2034 2148 164 la Colon  ectare l'inttetier pour la deule et unique legatair
