2479 2525
187 152 2199 132 la moitie de son, linge et au petit las dareneire qui

186 259 1706 115 se tronve dan la Manitere d'elle lestatrice

176 300 2260 150 donné et ligue au nommé hoepolite son neveu et frere

171 378 2201 149 de la citte reume son nin noimmé hipolite Oucele

178 462 2275 165 age de dix sept aus enveront plus une beurrigée nominre

173 575 2226 148 jamicette et dix arpteut de tercein au boisdibeite a precndret

2375 674 80 96 S

166 687 2185 157 dans létablistement d'elle testatrice Contmart vingt afl

171 784 2254 155 Situi au bers ringe canton ses pamplementses, et en vutt

185 885 2221 144 vent la dette testatrice que le dit hipolite ait le drtit

187 969 2220 161 doanpeu les catis qui raistent sui l'autre partie de

216 1077 2209 144 letablisement, peudant le teme nécissaire ale batie sule

216 1212 1293 127 la portiose que lui est légne.

255 1268 2146 162 Jouie et legue la testatrice au liteyen gabriel le rouf

287 1370 2100 159 jun banfrere les dix autres arpents de sere terrenn situé

260 1471 2199 152 au dit lien du boisronge, lur lesquels exihte létablisenen

294 1576 2147 148 qui y est compris, plur le norme nmanuel mosaimbigne

280 1683 2168 144 et le nommé francois indun a elle apparte nanté, pourr

289 1787 2124 136 les dits objets Contenus sans le prisert legt etre parr

324 1875 2103 146 le dit gabriel renis à la nommée peritie eaclate de

346 1987 2076 152 triolit de triclet et meci d'elle testatrice, ausitot qu

328 2106 1435 145 les famille aura obtaric la libert.

321 2179 2115 156 E asin donne et legue la testatrice a la nommée

326 2286 2094 132 armel la serenes la moitie se don linge et uitre

331 2373 2139 135 la mmmse pedre movambigne, le noure liure malquel
