2263 2290
1643 19 392 86 donne Et

45 72 1559 94 Poit dans Cette Colonie Soit en eroye, en Contequence

49 99 2016 177 tegue lar Cese pritentes a la nommée Esthire, Citoyene de Couteur

64 211 1987 146 demeumant au Susdit Cantons de la Sondre d'or, que par reconnoittance

63 314 1974 147 E pour les Services qu'elle lui a Rrndui, il inttitue Sa legataire

63 424 1997 121 univertelle tous ses Ciens Contittante en miublite Commé lit, lables

54 520 2015 133 Coffre Linges, hardis, L gmeralement tout Ce qui lui seppartiendra

66 629 2003 108 a Sou Sices Toustituua Sa Succettion pour par elle en jouir faire

95 739 1597 91 et despour comme dechose lui appartenante entante prapesté

115 815 1986 83 Et pour lexeuition du present testament le tostateeu anoinmé la poit Muouive

133 893 1956 82 lapessonne du set Pierre françois hulart frappree Biis marties demeurant.

134 971 1962 79 au surdeu leeis de la poudre doc entali manns duquel il se destaisit de lont

129 1057 1958 72 fe biens suivant la coutume revoquant tt Anntillant tour autre testament

138 1139 1906 82 ou codicile quel poursan avor perdimment fait veulant que le present

140 1221 1106 74 foit feul execute comme étant seon inteution

159 1269 1893 85 Cefut anni lan decte Amoinime audit Notarie pur letestateur preniil

159 1339 1918 90 les Cit Louis Maulion dememant aususdu lieu de la voudiuddeec

151 1417 1947 95 et Jean Autant demeurant ordenanement enlaville du Port Nandouce

159 1503 1946 96 rue delanuenne Pompe etant rejour a la poudre dor temains aic reqnis

169 1596 1849 103 et appelles et apres quele present son testament lui acté lu trele un

171 1690 1861 77 mat apès lautre leder testateur Aseclaré presence ditemoins redestier

184 1776 1905 85 nomme la voir bien entendre y pessister comme ccontenant san

178 1868 1177 78 uieution et eidonsience de demière na lonte

187 1924 1913 105 fait et passé doutle selon lalai a la poudre doi en la Chambie dctestalen

182 2031 1888 66 adenes decrite et dengnes le vingt leptmaietor dtelan Sysclela

182 2114 1828 81 Republeque francaise une hnde avant medi Lout le testaleum

185 2208 1887 76 uuble li fenmanns sigrii et praphé pu reelit verto ducn
