2479 2775
1074 3 1255 106 Anhult de la Republique fun e inde.

2295 1 29 46 du

340 24 96 93 11

1644 104 300 84 Busson

69 201 2376 169 destament drdizant le notaise Sublie a l'elle de France Lilt temoin

200 334 49 51 4e

309 351 2139 117 Soussigne fut pretent le Ce Jexie Deptiste Solepts Commaus

84 326 122 107 1275

66 425 324 168 Cemmant

462 428 2012 128 orgison Demeurant en Cette Communt du port nord ontt, Auu de Mozo

419 507 2053 134 gistant sur son lit malade de Coyet dans une Chambre hante de la

423 596 2039 137 maison la d^e Chambre donnant Sur la Cour ; toutes fois soin d'eprit

423 698 2003 122 me moire l Sugement, Auisi que par ses parcles lactions il Est

437 787 1112 130 apparit aux dits notaires Ltemoins.

527 889 1899 116 Lequel dans la Vue de la mort, Spour ne pus en être prevence

431 974 1961 125 dans Aroie mi crdie a des affaices, a fait dicte l nomme a u

414 1063 1863 122 dits notaires E temoins le present Sou Testanent Comme Suit.

507 1159 1964 129 de Declart que dans la vuc d'affranchir touitse Seanneton Gundan

428 1281 2014 84 negreste Crecle, Sac fait faire les premieres Annonces pourr parvenr

433 1342 2005 113 Et Ce Dut LSije renois l Decider avarit d'avoir Coutommé Cette

419 1441 2007 109 Operation de Veux Lentend que les Annonées Soient Continuce

451 1537 1280 101 Ee que Son afé auchittement Soit Opere.

514 1615 1943 110 de lui legue l Abandonne en touté propriété les nommée islephine

390 1712 2042 99 agee de Sept aus lJeanne Agée de sixaus ses deux fille, Lesquelle

385 1808 1770 89 lui Seront Remites aussitot Sen affrsachissement Cpere.

482 1891 1955 97 Se lui donne Llegue en outre un lit Compoté de lou toit, eun

405 1987 817 88 Matelat Lune paillaste.

451 2061 1958 143 Le Ce Canonge mon yendre syant toujours éte loge l nourres

396 2158 2038 123 Chie mor telu doit lui teir lieu des aucrages de la Somme de

391 2255 2034 111 Dix mille livre Tont ie lui avoit abandonné l'ctufruit par lou

396 2329 2021 159 Contrat de mariage, dans uu Cas qui l'a par ee lui; mais en
