2800 2479
406 100 25 40 1

455 45 2249 107 cetquils etaut en parfaite Sante Contiderant qu'ils n'ont Aucun Enfant

413 145 2301 89 islu de leur legitime mariage, E Ditirante SeDonnnes Dis pieuve et

437 238 2285 91 Caffection E ainitie Reciproque qu'ils Se portent; lautte pour procurer au

265 363 119 73 3

450 301 2285 110 Survivant deux deux les moyens de Subtiblir avic plus daitante Sy le dont

460 413 2258 91 Volontairement fait i sont par Ces pretente don muteuit Rece proque de

1127 414 242 52 à2

487 487 32 76 4

355 572 58 68 17

462 487 2233 107 gat lun a tantre au survivant deux le Acaplent parle d^e Suivivent.

486 588 2231 99 Alous EChieuit, teura Vuns meuble Le Conquite Smineublis que

1612 669 94 52 4

462 683 2253 92 de hrouvesont ête E appartenér au poremies Mourante. Etie jour de Son

468 778 2247 89 due en Qailques laaix qui les dit Diente puistent êtie Situi pour

1074 767 147 55 Pid

1293 858 76 45 344

245 903 144 85 d 7ad

476 869 2241 96 en jouré par le survivant en asifiiert pindant da Vie Confamement 4 la

636 946 142 75 in ar

849 950 104 44 dpd

994 936 103 52 Beur

298 1019 54 67 42

488 947 2197 121 Contuime de pari nonobstant toutes Antre Contumel Ditpotitioin

479 1045 2173 104 Contranes lux quelle ils ont Deroge ltenonie prè lis pretente

487 1134 2198 102 E au dit Efet autt pourvie qu'au jour du decis du premier Mourant

447 1229 29 47 1

130 1315 14 81 1

466 1233 1767 87 il ny ait Enfan vivant au a naire e leur mariage

213 1315 90 77 25

504 1323 411 54 P

610 1341 2075 80 t pour faire intrme les pretentes partont au betoin en Sera le

1042 1323 7 51 1

1388 1322 67 46 34

387 1414 212 76 dt

402 1429 2301 87 partie ont Cuttitués pour prociureur le porteir de lxpedition auquel

469 1514 2235 95 Donnant pouvoir de Cefaire Aiti que den Bequerer acte ; Promettant c

1561 1616 68 62 314

2213 1592 40 45 8

337 1597 1099 131 Obligiant Le. Penoucant Lel.

534 1677 2184 107 Pait de pasté double u l'Etude au Canton de Flacq a l'Isle de France u

333 1790 37 40 1

432 1775 2150 115 Nuctiame Le la Repiblique feancaite mit Lond^e Lle vingt Cinquieme Pour

360 1890 10 58 1

398 1882 2286 94 mois de pluviote avant mide) en prétence De P Louir Auguster

395 1965 2319 111 Jatran S. Armand Bayard tou Deux Se parement Domicilie au ce

432 2076 2226 93 Canton temoins Exprès Requer, au pretent Acte lesquels ont signes

402 2167 2309 82 avic le Cr Reui Femises & nous Notaire non laESulie Victoire lequelle

403 2251 2275 101 Le Ce faire enterpellée aux terme de lordonnance a sertaré ne Savoir eccite.

1947 2356 755 65 Pane Remiret d Schan

415 2341 1463 124 né eligner Alinte Signe Au Deux inuite
