2725 2479
132 349 92 73 33

1588 1 107 25 82

509 1 1042 103 Alienalion revenduation et auties

2008 89 19 55 4

2138 84 33 49 42

513 1 2169 201 quelconques esladitte Catherinie ingresse lebe treole fille nimeure serde

2060 191 105 51 24

511 90 2172 200 Antome Vrapé et marie asa et acette demière lame duraute teulemen.

511 214 2157 192 acccas quelle mervine le du Donateur la ditte marie Ara authouser

511 315 2161 201 leffet des presentes dudu Veraja lon mari acceptant tant pour elle que

524 476 1404 121 pour leur dette fille Catheiine cest a savoie

1950 493 153 67 MM44

2051 483 617 153 ept arpeu toison

512 555 1524 134 La moitie dun lenent habitation, de ceut cunquante

513 600 2156 187 huit perchis trois quart fetué au deu lien du Raine de fillen eff lier

158 835 96 49 d

506 713 2154 162 Canton de la Revière noire éle taillé d'engni et de bomé au proces verleat

511 835 2145 138 dadjudication qui lui ma dle facte Sinvient pocis verbalendalte au

502 962 87 50 14

332 1006 35 94 4

494 917 2171 161 commencemen du tais Jain ind reptient quatiev ingl hient, fur larecute

380 1104 29 73 5

502 1038 2161 140 par echere qui en a été pourseuvce a la bare du Sige par le S^t Easpon

220 1194 51 49 d

340 1160 2313 129 autome Velors et noins et qualeles par lui peres audu graces verba

136 1297 54 60 323

1004 1261 155 65 Dote lu

451 1271 2207 118 iielle moitie tenant a celle dont jouit manisenan la ditte marie los

440 1402 2246 89 tells cufur que letont se poursuit et comporte fous acceptior neresirne et quess

258 1503 24 53 1

307 1468 9 99 1

432 1509 2244 106 est dengné au proies verteal da peutage qui en ca elé dressé par le sieur Balacle

493 1620 2186 98 arpenteur le vingt unq hielles mil sept cent quatre vngt et au plon Se gurare

511 1724 1256 85 qui en acussi été diessé pau lefientii arpenteur

1406 1793 103 42 dI4I4

511 1813 2168 106 Vour dle laditte portton de lessuin jouie faire et disposce par la ditle Catherine

1566 1790 47 51 34

398 1862 86 77 de

111 1906 2587 137 , i fre héritier ou ayant cause comme de chon lui appartenante en toute popriêle

471 2006 2215 134 du moyen des presentes et par la ditte maiie Asa au pouissance seulement

406 2130 2247 139 favie durante aufas quelle Sursrce audû Sieur Donaleur acomptér
