2263 2294
6 90 192 70 Ameu

254 119 2001 101 dArdevant le notaire Public au Canton de la Pliviere du Ren par

15 164 191 84 Lout

17 237 2177 108 Vatté Budie d'or Jsle de france astetté det temoins Ty apris nom mes

263 374 879 80 Poussignes, fut Pretent

186 430 48 87 4

404 472 1776 119 LouisMatré, fils de mathien matre de de quillemête

298 572 1901 144 latif de loient agé d'Enveron Cesnquante Sept aus Etatr

248 689 1934 122 Son tit en la Ehambie dune Ses mactons de pendantes

232 783 1983 135 lDabitation Site Au Sutdit Canton lieu dit la poudree

216 881 1997 166 malade Corpt, mais sain l Esprit Sugement, Nemoire let

2118 1006 134 74 Parole

228 1033 1860 125 Entendement Aimte Qu'il Mapparit Par Six gester

210 1168 1712 100 E maiitien Cins Nolaiies L temoins Soustigne

525 1301 98 37 ea1

446 1292 1808 122 Dequel dans la Vue de mort Traiguant Sen Ctre Rive

216 1406 2007 125 Avant d'avor ditpote, de les dmiiies Velonte a fait dicte l nois

203 1526 1470 107 Son Testament du F Notaiie ome Suit.

261 1609 1990 149 Premierement entend le testateur, qui les dittes, Si Ancune

203 1742 2051 133 Txitten ta Son Seces, Joent Paige L'acquetteer par sou Treeute

209 1842 1988 155 lestamentaire Cy après nomme, Anqaelel S'en capporte Poui

201 1999 861 94 E Execcution det presinter

377 2040 1766 167 Declare, le lebfateur, n'avoir ny Conaitre, quedza Parent
