3508 2004
563 1 486 42 n plesenre

1063 1 415 49 Jpaiot

1516 1 1321 90 piaque Mutuille Sera Nulle

771 97 2518 134 t pour faire intenuer les pretente partout on betoin Lesa Le

3314 106 149 106 &^

1298 259 2148 89 Mugittre pair moi Ctienne Diacintta Dussou Preffeur

1154 335 2288 129 Du tribunal Civil De la Polonie de l'Ille de France Nur

1158 462 2269 141 une minutteses pretentes a moi pretentee a Cet Set

1267 554 2154 139 An port Nord uest le trois pluviote Anhuit de la

1199 704 242 138 seple

1458 710 14 49 —

1495 692 509 109 LueN Sur

2041 685 162 56 sle

2212 738 339 104 Busson

91 860 788 108 Donation parre

52 968 794 106 Marin lebougie

331 1077 105 67 de

952 973 2456 148 Pardevant les notaires du Roi alhle dle Fance poussigne ferent

55 1136 796 109 Ctheme Negreste

893 1092 2499 161 presents su maris Le boregne anuerr maitre Charpentice et halestant

63 1252 285 121 trevle

897 1202 2456 162 de cette Isle dlemeurant ordmaisement ccediu quartier de la

894 1327 2508 143 Rivière noire aulieu nommé les Raines dest Pierre étant ce jour

914 1455 2396 144 port et varoine ft Lours Sune part et les nomme Antonme

924 1558 2425 169 Veraya noir malabar libre et la nommée scarie aza
