2650 2479
351 1 1100 71 leque Savour pour et safruit pendant sa vie

2403 1 132 60 cegn

366 1 1676 160 teriin c'hubitation de 16 aiyens a prendre à soit Choix dan

374 27 2010 230 m'appartrennent dans lenfoncement des poretus llus je lui Donie et

2249 170 290 90 mus

380 95 2173 245 les nons Duegretes Cy après Relem prein Vielle negrette, Sou prgen

364 213 1848 223 Achillet Dometique felit Francois à Vauline Ses enfants

370 278 2223 238 Jean Baptette Reui apreitife forgeson l Scolattique Treoe de 1a

381 378 2182 233 15 ans. Se nomme pour Exccuter le present lestament M^r Epunay

2196 431 438 130 Centlinquante

391 517 1756 189 que je poru Doccepter le leg que je lui fait d'un terrein

387 589 2027 212 sex Arpen  a lou Choix dans mes Babitation de lhalitation ne

380 790 819 94 lenfoncement les prêtres

442 782 2117 184 de Veux que tous les legt faits par mon Pretent, testament Jorent payes

351 878 2203 178 Lremis & que les Contrats en Soient remis incontementapres mou deces

348 1032 1574 100 franes quittes de tous fraisEdroits quelconquel

413 1057 2155 164 fait a la Villebagne Ille de France le deux nivote l'an septieme se la

355 1169 2219 142 Republique francaite a dex Deures du maten Signe Sutienne Lapicire

353 1306 1083 89 Veure Magonn a la heste Est ccrit

822 1378 699 98 leci Est mon Codicile

417 1441 2154 122 de revoque le leg que jai fait pur mon testament a dulies Constant

340 1530 2176 124 Son enfant La dean Boutanger de leur libeite d'une portion dé

337 1629 1212 96 terrems dd'une partie de ma Gardecobe

413 1695 2159 127 Tentends que mon tenge de CorptEena garderobe Soent partages

315 1790 2274 124 Savoir mortie a SeannelLl autre moitié entre deannot moi domet tique

307 1878 2212 118 Louite induune ma fessime de Chainbre lnarie Louite Miulatieffe

338 1983 1171 95 mon autre Junime de Chambie

425 2063 1961 125 de Veux que le terrem que jai Achite de M^r Dinctes Sor
