2775 2479
2178 27 406 112 feulement

403 79 1723 164 Lugour inte du jour du décès decedemier qui sen resner lune frrue

143 252 40 66 3

325 133 2221 216 pour en puie atiter de coustitut et de prcaire et aprusi duir dente

174 330 115 98 4es

513 231 1969 175 Donaleur l du remfent sera recen et consolidé an fanr d

1909 296 514 128 dupeudomet

66 392 128 98 dar

405 382 1439 142 poprieté de laditte portion déterienm libitatrin

92 539 51 61 44

327 561 89 65 14

425 435 1900 186 au prosst de la dette Cathaime et de ses Critins au eyaut coutes

1894 508 51 80 8

1948 520 15 66 1

2252 472 266 129 for

129 612 18 60 4

400 652 21 73 1

442 563 1810 142 Ensportant le du Donateur tous droits de propusir fouis re

1853 634 22 49 4

126 707 115 97 3.

447 626 2177 172 et autres noms ranoins et actions quel a et poursan avere fres la ee

457 750 2094 154 portion de terrem et toutes de peudances ten dessaisissant au profet

454 849 2044 148 de laditte Cathenne et deser ayant cannes voulant quelle en foit

461 966 2136 128 Saise et nuse en possernont par qui et annsi quel reppsiceenda tervant

464 1083 2164 111 et confonnement a la Coutume constitieant procicieer le porteces Sonnant

112 1198 27 55 4

110 1242 250 73 Lit  4

480 1202 2089 103 Jourcor, sobliqent le du S^ donatier desemitlee rnciseammant

483 1302 2081 112 aladitle marie Asa et a safille entrans et capres des dits tetien

491 1382 130 55 313 e

106 1432 202 81 it D2

402 1421 2156 95 de prossiiité, du tesseni cidémés donné et a lacie preinere regarition

489 1523 2173 85 Et perer Jaie enegistiece et minuée cen mesentis an Greffe de la gurerdulios

461 1561 8 84 1

480 1623 2183 93 Noyale decittr Jle et prtons Cilleur cubesonisira les detes partie

464 1678 189 44 t iu fl

491 1722 2140 105 en ont vusni demé poureir cnprteur et etenme quaris aite com

407 1773 13 84 1

443 1776 138 73 4 4

490 1828 2122 102 acum que misteon edécelles sat f ti lout suir la minitte dudet

445 1888 106 63 dne

485 1929 2167 120 dtte de donation duis  mari miltepl cent quatieniyl ddux qur

238 1990 48 82 44

333 1984 156 92 daar 1e

322 2067 48 41 1

483 2041 2198 128 sui touter exfeditiont qui mont ju ele de levices taut en absence que

276 2100 25 66 4

325 2112 175 73 Venon.

483 2147 2227 121 pésenié pa tous notaires et autrus affrccess reqées. Promittmt c llicsant

111 2298 245 88 idemtt e

493 2265 2218 117 seuet parr doulle Suivant le die Autont Louir Jrecce France en lelude

409 2321 47 93 1.

491 2386 1282 90 dan mil Jept cent qualie omu doiie levu

2329 2415 283 62 Rrosiire
