3508 2479
593 1 68 102 3e

674 49 2767 138 notaire Soustignea Et Ecrit Controlé u port Nord vieest Ille de

2041 1 288 32 1

2448 1 988 38 Pimtimerr 148r2

510 174 580 94 France le neif

1132 192 2235 128 Veutote au huit Recu mille levres Signe Marchandite

526 319 2939 139 Seesode n marge eet Ecrit Scelté les dits jour Lan avoc paraphe Landude

502 433 1353 133 del Expadition Signe Roze.

924 648 85 179 5.

1169 593 2256 145 Enregistié var moi Etéenne hiauuttes hussors Goffrece du tabimal

1159 728 2276 132 ciod destle de france toussir nu ln egpedition dudu cecte a moi

1178 842 598 98 Preseut Acet efet

1167 889 2261 131 au loit du Mordoues Ile defrance l heise Veulose au luut de la Re

1214 1023 88 87 690

1347 1026 574 100 une tmelefe

1820 1068 285 70 Busson

79 1315 3212 150 don mutuet Pard ivant Le notaie Sublie Resident au Tanton de flacq al Ille de

209 1466 3073 120 enfse france Souttigne atsisté des temoins Cy das nommé Lalli Soussiques

75 1603 480 96 len Remerit

267 1724 88 66 4

690 1596 2633 133 Sont Comparut, René Remires L Julie Victoie Son Goute qu'il

82 1724 3191 151 elie Victoire Authoute a l'Effet es pritente itoyen de Touteur Dabitant

84 1828 3163 181 Citoy de Touteu Domicilie au lieu dit le hou d'éau douce en cedit Canton de flacq

535 1961 2738 281 Sitifante du pépenest de leurs inputitiont de tat Sexicme
