1737 2635
467 26 1221 101 Et pour exécuter et accomplir le présent testament, le dit hector

436 90 1254 107 choisi et nomme Monton comme Son ami malabard libre habitant

434 149 1267 105 à la nouvelle découverte dépendant de ce Canton, lequel il prie d'en

439 208 1249 97 prendre la peine se désaisissant entre ses mains de tous ses biens

426 265 1295 112 Suivant la Coutume, révoquant tous les autres testaments et codiciles

426 322 1227 99 qu'il aurait pu faire avant celui ci auquel Seul il s'arrête comme

421 382 595 76 contenant sa dernière Volonté

463 436 1221 119 Ainsi a été fait, dicté et nommé par le dit heco testateur au Cit.

410 500 1280 121 Jean Baptiste Bombard notaire public au Canton des Pamplemousses

404 559 1258 106 y demeurant en présence et assisté des citoyens Claude Antoine

404 614 1313 108 franchabois et pierre Antoine Bourbion tous deux domicilié au dit

404 665 1273 110 cauton des Pamplemousses témoins à ce requis et lecture faite

384 711 1295 134 dudit testament un mot après l'autre et à lui lû e relû il a déclaré

397 761 1291 143 bien comprendre le tout et quil contenait ses dernières volonés, n'avoir

395 823 590 94 rien à y changer et y persister.

434 878 1250 127 fait et passé en Brevret à la réquisition dudit Pierre hector testateur

388 942 1296 129 en sa maison susdites le jeudi six mars avant midi l'an mil sept cent

386 1005 1245 119 quatre vingt quatorze le troisième de la République française et a

382 1047 1289 143 ledit testateur déclaré ne savoir signer de ce enquis suivant l'ordonnance

382 1104 1280 130 lesdits témoins ont Signé avec Bombard notaire Sur la minute restée

382 1155 1240 127 en sa possession laquelle a été controlée au port Louis Jsle de France

377 1205 1243 154 le sept mars mil sept cen quatre vingt quatorze par services qui a

377 1264 639 86 marqué avoir reçu quarante Sols

399 1313 1098 156 Suit tatemen d'un codicile ajouté au testament cy dessus

379 1383 1248 167 Par devant le Notaire public au Canton des Pamplemousses Jsle de

364 1455 1265 156 France y demeurant assisté des témoins cy après nommés et soussignés

357 1508 1281 158 fut présent pierre hector Citoyen de Couleur Charpentier et habitant

364 1561 1236 164 audit Canton des Pamplemousses domicilié sur son Etablissement

360 1627 1262 145 Situé Sur la plaine que avoisine l'Eglise S^t François où le Notaire

353 1662 1272 164 et témoins se sont transportés à sa réquisition lequel étant dans

349 1719 1245 176 son lit malade de corps, toutefois sain d'esprit, mémoire et

353 1772 1247 175 Entendement ainsi qu'il est apparu aux dits notaire et témoins par

342 1829 1252 188 ses paroles Gestes et maintient lequel a dicté et nommé, au dit

340 1895 845 129 Notaire par forme de Codicile ce qui suit.

379 1947 1208 180 Vuct et entendu que son testament reçu par Bonbard notaire soussigné

340 2004 1256 196 le six mars présent mois fait exécuté selon sa forme et teneur sauf

342 2066 426 96 le Changement cy après

375 2114 1175 189 Veut et entend le dit testateur qu'en place du Noir esclave

340 2158 1194 206 nommé Antoine de Caste indienne qu'il a légué par son dit

329 2211 1210 211 testament au Mineur Cupidon, il leur fait donné le nommé

333 2261 538 141 Lafleur de Caste malgache

357 2327 1188 202 Ayant donné Connaissance au Cit. Boucher Curé, d'une affaire

333 2373 1204 253 particuliere, il le prie de vouloir en être l'agent, en conséquence il

232 2426 64 143 1
