2238 3508
128 0 319 78 25 7^bre 1790

128 40 293 97 30 mai 1794

99 108 249 76 donnation pour

87 128 462 143 Marie Rose n^esse Libre

90 233 416 126 Rosalie Bengalie

111 324 193 146 affranchie

353 350 170 231 10

1875 2 339 76 huitieme feuillet

626 21 1571 242 Par devanr Les Notaires du Roi a L'Jsle de France

608 236 1545 120 Soussigne fut presente Marie Rose Negresse libre demeurante en

608 333 1202 123 Cette ville au Trou Fanfaron paroisse de S^t Louis

772 423 1375 114 Laquelle en consequence de la liberte accordée a la nommée Rosalie

590 526 1618 114 de Castre Bengalie Sa Cousine Germaine par acte passé devant

582 608 1597 125 M^e Touraille Notaire Le Cinq Janvier mil Sept Cent quatre Vingt dix

579 707 1565 114 de la Confirmation de la liberte par M M des Chef Suivant Leur

570 792 1624 111 ordonnance du treize du present mon etant au bas de la requete ci representée

573 882 1632 123 Le vingt trois aout dernier et pour effectuer la promesse faite par ladite marie

558 967 1551 117 Rose dassurer a ladite Rosalie un maison de Valeur de dix huit Curles et

567 1043 1594 140 et d'une Negresse Mozembique Nommée Marie dans le cas ou Sa liberte

576 1137 1603 152 Serait Confirme Ladite Marie Rose a par Ces presentes fait donation

576 1233 1580 152 entre Vif pure Simple et irrevocable a ladite Rosalie demeurante

576 1312 1568 161 au trou Fanfaron et Ci presente et acceptante d'une maison Située au

593 1403 1560 152 trou Fanfaron et icelle appartenante comme L'ayant fait continue a ses

582 1496 1559 152 frais sur un terrin non nocéde sauf a ladite Rosalie solliciter

573 1610 667 126 et obtenir Ladite Concession

661 1669 1459 149 Plus ladite Marie Rose Donne au meme titre a la dite

567 1754 1536 163 Rosalie Ci acceptante une négresse Mozambique Nommée Marie

573 1850 1562 164 declarant Ladite Rosalie etre des a present en possession tant de ladite

561 1964 737 152 [[mozambique]] de ladite Negresse

693 2031 1471 161 Pour par ladite Rosalie Jouir faire et doprore tant de la dite

564 2148 1618 143 Maison que de ladite Negresse en toute propruité Comme de Chon lui

570 2271 342 126 appartmente

675 2306 1489 152 Buprnuite doniton est saut neummoms Sourla Condetion quer las

573 2400 1618 160 desrédeuer detadite donatare lerdites mairon el negresse retuermmnt

561 2514 1595 140 et apparturd cou aladite donatreu pour quve tadite dometeer en las

552 2601 1586 146 dAVente delamgim Son lemue dela Tmptour pou uueautredeue

547 2692 1591 152 Jietu eulegard diladité Maioin tradit douuseu nepourra lu vndre

564 2791 1600 146 quedu Comntein deladete Maru Ron Son Jnteution Netaur que

564 2870 1238 164 Ladite Somtis prafse Sudte desà hebeart Lebouiliti

672 2967 1460 143 Sous saire ummeu Ces prouiles lropartur out douré poarois au

561 3075 664 134 porteur deuue engrdetion dicete

760 3139 1352 126 7 ou heruusion desepramoles henpartier ourelu heuu

570 3233 1504 143 Donvinte arosoerthe aten deueme Sordte ceuxquet Luis sombrtont

430 3288 105 173 16
