2388 3508
684 2 896 129 pour lui en joüir en tout proprieté

749 32 1469 160 Veut et entend le Testateur que le Nommé Pierre François

681 111 1519 152 noir malabar son esclave soit reconnu libre aussitôt le décès

670 195 1574 129 de lui testateur, et pour que le dit pierre françois ne soit point

678 254 1537 131 à charge à la Colonie le testateur lui donne et legue 1° une

676 318 1568 140 Somme de trois mille Livres 2° toute lles effets mobiliers qui

670 382 1235 158 se trouveront lui appartenir l'ors de son décés.

737 441 1498 149 Et quant aux Surplus de ses biens le testateur les donne

667 520 1539 161 et légue la moitie à L'Eglise pour faire prier dieu pour

667 605 1592 157 le repos de son ame et l'autre moitie aux pauvres de cette

676 751 207 70 ville

740 730 1487 155 Et pour exécuter le présent testament le testateurma

673 795 1606 155 choisi la personne du susdit S^r Beaudeau les les mains

667 868 1407 155 duquel il se désaisit de tous ses biens le cas Echéant.

737 915 1498 187 Ce fut ainsi fait dicté et nommés par ledit testateur

676 1005 1580 176 à pierre yves Belu notaire public demeurant en cette Ville

670 1084 1554 173 rüe de l'hopital, au Citoyen Jean Louis Giraud ouvrier

676 1160 1548 158 en cette Ville y demeurant rüe Nationale et au Citoyen

676 1248 1565 158 antoine poivret garde de la Municipalité témoins pour ce

678 1297 1622 188 requis et après appellés en présence des quels le présent testement ayant

670 1365 1627 166 été lû et relû au mot après l'autre au dit testateur il a déclaré y persister

676 1438 1621 166 et être ses dernieres voontés, révoquants tout autre testament

678 1511 1622 143 ou Codicile qu'il aurait pu faire avant le présent auquel seul il

673 1563 1621 179 s'arrête, fait et passé en Brevet à la réquisition du dit testateur au

670 1616 1621 176 Port Louis Jsle de France en L'Etude l'an deux de la Rép^que française

678 1680 1630 179 le vendredy trois may mil sept cent quatre vingt treize dix heures du

678 1736 1610 178 matin et le testateur a Signé avec les temoins et le Notaire Signé

673 1844 1126 146 J. B. Dumas présent, j. h. Girault et Balu

676 1859 1644 207 En marge est écrit controlé au port Louis Jsle de France ce 24 mars

687 1967 945 181 1794 reçu quarante Sils Signé Sevrier.

1053 1987 1291 182 Enregistré par moi Greffier du Tribunal d'appel de l'isle de France Soussigné

1059 2075 1290 152 Conforme à L'Expédition representé & rendü, après mention faite sur icelle

1027 2134 1334 172 du present Enregistrement ce jour vingt six mars mil sept cent quatre vingt

1068 2280 187 87 quatorze

1343 2291 208 144 Testament

201 2511 428 117 d'Elisabeth

190 2604 409 108 Thomas

225 2695 351 111 F^r led. Thomas au.

222 2847 468 143 Par devant les Notaires publics à L'isle de France

702 2455 1606 140 Soussignée fut présente Elisabeth Thomas ditte Babet

696 2508 1592 163 Citoyenne de Couleur demeurante en sa maison rüe des

711 2587 1586 187 Pucelles de cette Ville du Port nord Ouest Paroisse S^t Louis

716 2671 1575 176 fille majeure de füe la Nommée Catherine

714 2780 1126 157 Laquelle attaquée d'une maladie de Langueur assise sur un

728 2838 1627 173 Canapé dans la Chambre d'un apprentis sis dans la Cour d'un

693 2917 1610 225 5

488 2933 111 212 9
