2466 1472
38 100 490 113 Testament de

40 237 465 89 JB^te Demay.

69 315 398 99 3  & 19 mars 1794

284 442 160 172 4

606 15 1812 215 Par devant le Notaire public à l'Isle de France et les témoins

564 190 1855 132 cy aprèa nommés et Soussignés, fut présent le Cit. Jean B^te Dumay

539 272 1876 127 Bourgeois de cette ville natif d'Autun en Bourgogne demeurant

541 350 1810 111 ên cette ditte ville près de l'ancienne pompe, lequel allant et

538 426 1893 145 vaquant à ses affaires sain de corps, d'esprit, mémoire et

538 506 1893 132 entendement ainsi qu'il est apparu auxdits notaire et témoins

539 581 1892 108 dans la vüe de la mort, craignant d'en être prévenu avant

526 666 1927 109 d'avoir mis ordre à ses affaires , s'est exprès transporté en

521 731 1915 131 l'Etude du M^e Balu notaire Soussigné où il a fait dicté et

527 812 1870 121 nommé aux dits notaire et témoins le présent son testament

525 905 1912 99 et ordonnance de dernière volonté de la maniere et ainsi

528 992 356 100 qu'il Suit.

612 1028 1829 176 Donne et légue le Testateur au S^r Pierre françois Beaudeau

533 1160 1833 110 bourgois de cette ville une somme de cinquante Livres pour

410 1307 112 139 8
