2218 2097
1632 1 444 112 quatrieme feuillet

421 62 1727 145 légue une Somme de mille Livres monnaye ayant cours, laquelle

421 174 1459 112 lui sera remise pour être par lui employée à cet effet.

454 258 1709 108 Et pour exécuter et accomplir le présent Codicile, il nomme

402 344 1754 89 d'abendant la personne de Mouton Comera nommé en Son

417 419 1746 87 Testament mentionné cy dessus pour l'exécution d'icelui et du

422 489 472 94 présent Codicile

484 546 1711 109 Ce fut ainsi fait, dicté et nommé par ledit Codiciliaire au Notaire

428 641 1748 92 assisté des témoins Citoyens Claude antoine Franchebois habitant

414 714 1762 93 de ce Canton et de Louis Mondia Malabard domicilié au Port Louis

422 798 1713 87 et présentement dans ce Canton témoins à ce requis, Lecture faite

436 868 1692 94 au dit Codiciliaire du présent Son Codicile au mot après L'autre

431 936 1760 93 et à lui lû et relû, il a déclaré qu'il contenait Ses velontés n'avoir rien

447 1008 741 98 a y changer y a persisté.

494 1060 1673 105 fait et passé au Brevet à la Réquisition dudit Codiciliaire en

450 1149 1710 89 sa maison Susditte le Lundi dix mars huit heures du Soir L'an

450 1224 1710 81 mil Sept cent quatre vingt quatorze le Troisieme de la République

452 1292 1619 81 française et ledit Codiciliaire à déclaré ne savoir Signer den

454 1361 1681 89 requis Suivant l'ordonnance, lesdits témoins ont Signé avec

454 1432 1685 79 Bombard Notaire, la minute restée en Sa possession a été controlé

456 1502 1700 96 au port Louis Isle de France le dix huit mars mil Sept Cnt

457 1584 1661 88 quatre vingt quatorze par Servier qui à marqué avoir reçu

459 1647 832 97 quarante Sols Signé Bombard.

471 1719 1519 100 En marge est écrit Scellé ces Jours et au avec griffe et paraphe.

826 1778 1360 93 Enregistré Par moi greffieur du tribunal d'appel de l'isle de France Soussigné

830 1843 1307 74 Conforme à l'expédition requise et rendüe, arpès mention faite susdittes

824 1901 1299 84 du present Enregistrement, ce jour dix neuf mars mil Sept cent

824 1967 399 81 quatre Vingt quatorze
