2500 2479
439 1 176 41 mea

422 11 591 95 Dunans et Durand

535 35 1925 139 Einnignté par mai Gaffiee couisigni nus une expedition du du testement

552 125 1916 125 a moi presentée au effet ct redce apris mentran facte fui ccille du

541 231 494 84 peseut emequlement

542 234 1916 154 Audorf dutiond ount lle de fance le vingt deuy veutore au feme de la

548 348 584 123 Repee for i et mee

1140 353 8 62 8

1191 370 56 91 8

1286 344 275 82 Russon

575 472 1843 103 Lurdivant le Notaire du Mtoya Lesle de France et les Temoins cn

95 545 275 76 testament

458 560 1997 101 après nommée Soussigné fut preent S^ pierre Loupeau Bourgeois de petle

95 640 2354 120 Pierre Loupeare Ville y demeurant du de Passinal na tef de Compigné en puardie, paroisse st

449 716 2005 107 Jocques fils de defunt, Jean Joseph Loupeare e Marie Louis Domor

329 797 51 96 8

424 812 2033 96 Lequel Malad de Corpr mais manoins Sain Desprit, memoise et entendement

446 891 1997 96 ainni qu'il est appare, auxdits notaire et Temoins a ltant et Vaugntrate à Ses

457 965 1989 102 affaire, Sest expaits riansporté en L'Etude de M^ Bala Notaire Soussigné

460 1054 1995 84 ou il et fuit Duté et nomme le present Son bestament a ordonnancer de

451 1116 1993 112 demiere Volontét quil fuit et Entend'être epécmté après sa mort de la

454 1206 784 73 Maniere S Ciinsy quil Suit,

623 1275 1826 98 Vuut et Enteur ledit Testateur gqauftsitot Son duis le Nomme a laxandre

453 1362 1964 86 Son Eelavey de Caste indine, aye d'environ Treute trois Am, pecheur dé

461 1446 1961 88 ppre Jefie duquel il a tout leu d'étte poutent, depui Vingt aus qu'il est ce

449 1520 1961 91 Son Service, à caure de Sa fidilité et de Son ettachement à Sa persone

449 1596 1942 91 Sot afranchi de la Sesvitude pour jouir des mêmes droits que les

453 1670 907 99 persannes nier de Condition Lebre.

644 1742 1788 104 et quant au Sesphes de Ser biens, ledit Testateur les donne et legue

460 1822 1973 97 Vant en meubles qu'immeubles, de Gelle nature qu'il se Trouvesont au jour de son décés

465 1892 1935 107 au Sieur jesse Louis poutit chor Reveu et ala Saur de ce deiée dont il ne se

457 1973 1990 103 Rapelle par le nom mris touts les deux enfants du Sᵗ Louis Robert poulet et

453 2047 2000 112 de Dle Marie Francoire Lou peau désidants à Compigne pour par Seiditr

450 2130 1989 120 saveu et Vier Jouir en toute propueté et par partions Egale, dis biens que

457 2203 609 88 lui Testateeur delaissera

604 2265 1836 106 et pour Epéeuter la pfent éon restament, la restateur à Cheioi et nommé

1253 2381 128 84 2033
