3175 2479
1071 1 119 58 1a

2181 1 66 34 80

2270 1 888 116 aiicculier Vus actres testante

1231 1 372 81 pent avarn

1615 5 1365 179 fait avant la present, auquel seul il s'arsête.

731 5 202 128 ffait et

962 41 2163 256 pasie en unn vecuda ninutte a la roquititoun du testatant qui vest a

621 123 2525 251 cet effet expras transporté avec le dit riviare au tetude du dit Delus sisa rue

612 225 2518 240 de la corderie de cette ville et antoin du port nord auest dola de france

612 320 2523 244 lain anq de la aepoublique francaise unne et indivisible le vingt troit veutide

114 370 438 147 deux ent liveet

596 451 2529 226 dis heures du matin et a le dit testateur declare na lavoir cese ni signer

599 556 2541 230 quisque de ne faire raquis et interpellé suivant Pordonnance ainstiqu'il et di

338 684 185 81 dn1

588 672 2513 202 en la niermitte dit presentes demenrée au pouvoir de teliu lun des

596 787 2539 181 nntaines donssignes, antuite de laquellé en ccritt controtlé au pont nord oust

307 896 2830 183 nin Ile de panre le vingt ant veutose au ensqusaina ranu elle tet signé eret

212 1009 210 98 4 ravn

1301 1046 1823 157 Enegistri par moi Etienne Beancuthe husvos Greffier el

1300 1165 1835 150 tibimal une de lsecle france soussigné sue un cngedete

1290 1251 1331 163 dudit testament a moi préseute acet effas

1281 1355 1855 175 Audoit du nod ocest Jlecle france le beux Ruuion au Sesi

1276 1437 489 156 de la Repr fei

1793 1458 387 146 une hrud

2220 1503 804 126 deux Miste rages mels

2303 1594 265 115 Busson

712 1731 1664 180 lardevant la notaise public au canton de la fatonité

79 1758 341 109 testament

2407 1853 734 135 rivieve du recnopart et

568 1819 2292 235 fondre dot, Vole da Franve, tavisé des témoins ci apaes nommes et sousiguon

575 1943 1317 113 prequet Pouse demeurant au susdit canton

74 1932 326 133 toivre

1924 1980 819 171 de la rivière du rempart

2924 2002 237 88 e preser

559 2031 1624 125 malade, en une chanmtre dapoudente de la maison

2761 2057 398 124 Eistitrie le

2224 2118 329 99 prscepa

555 2116 1467 120 diee au susdit tieu de la risere du renspart

2617 2147 548 115 da bon habitaté

2056 2199 583 109 mait dainn Sespout

567 2210 1941 167 menmoire at entandement, ainsi qu'el ett apparé par

2695 2255 356 75 gigemant

2528 2323 315 107 ses gestes

2874 2326 259 91 Paroles

1270 2410 46 64 2

195 1446 48 44 40
