2992 2479
504 1 471 74 voustem Jbon

754 1 2206 107 tonmse lunit et lde sel denenfain destenn boidroi Sa proprtete quil

588 64 548 57 lespror cenar oior i

743 68 2224 113 aviit et peuvoit esont surg det tese daisor rede hendacled voulant qu'ile

538 128 391 63 2t 2Htôeo 8

1100 150 37 45 4

367 184 120 62 452

506 165 2447 106 ciioi reiants luilit, et aussen possessile par qui do aini qu d'aparti endat

1657 250 256 70 uinalo

646 250 2299 112 roiintitennt a dit effet pouurr processent la portenr dit presenet auquel il

1361 333 1214 91 mil leulo le Bisn Masnutisithur

393 359 1406 84 dioti i raiconttee led antonisafant ampaires.

315 433 530 95 aenoisy. aoit id

918 411 1651 91 Lii detotilane 0 dentiitl li ae joiis atet

826 469 2137 66 our pait ensime cet pissentes pertent au el axf itiondaa les comparent

338 517 2218 69 eomadra tauepas vofoinqemi retayae mair efaresti an aonllaabnt

749 556 1616 74 dennn peruvei au pouseur Lunt copediton des presente

330 596 2214 106 resare au rainr peffe aepey efit eptimon apolajan Lnlals ean

745 656 2211 68 ca E pour lereitot ile puttétecion de donnite doscun eu tour domaiit

2501 709 66 41 4

1165 703 1112 79 vaspis aof eior a prorit, cena

1040 729 17 54 1

268 712 466 89 oitentan desa

760 732 2197 77 dû retie lile le quilcheus nonibstent, premeltant, eblegen et reno

2344 794 87 57 327

1458 790 130 74 L

279 797 569 95 pulale dinq note

836 801 2133 106 las et pasir en deubla enmalle au pour nond aintt Ila de fraine en latude

877 896 36 57 14

2671 867 300 99 les deus

414 910 302 66 1e1 IN 2588

752 896 1917 95 le nent moose en sirtenne de là trepubliqne Apaet andy ont signe

404 984 452 73 pol ci coitamm a

743 970 2224 118 mesadet det prétinet au marge eet cont cutrette au porjaind onest dsle de

2193 1056 242 60 do. F

1006 1075 170 57 AAan 1

298 1059 440 97 peonnail dt

757 1088 1942 77 fnasee la dure endoie lu levet mor et maleelisn Signe Servinr

1814 1136 198 59 2087

2047 1141 528 98 last Juabsin

359 1140 1102 103 nenit üclopré eetq rii pel

1235 1189 762 67 Suit la leveint de sontise

2249 1231 277 88 35 Toé

482 1262 48 106 7

542 1250 2396 105 puoisnt Je aoutsigné alent daqualt, Jateu du lonise renle, velle arouenousmé à vette

1479 1311 33 56 4

742 1330 2222 96 quatié et Méilauent authorns  oonptadien ler ledeme Lepont, par avns des

1629 1397 395 49 V Coion lui jor

2111 1403 98 60 de9

403 1417 2582 97 ion inasoyamit de le dielleia, duu defants de pasant; amu par le qugt de pais du port un

2224 1486 138 59 dg

1845 1494 185 42 dNI

741 1503 2241 95 ouest, duivant son procet verbil de dons Aiert ati porr constitu mon

2020 1572 280 57 2 proi

749 1589 2236 93 Procureut, geursal et ispeüslisiqutr minul lequite pir mal ne douse pouvr en

493 1630 237 101 dx

911 1649 251 56 e

403 1633 37 60 3

1968 1656 497 69 4et Jat. sn I240

1686 1654 18 85 1

1622 1663 58 59 4

741 1685 2238 99 en dite qualit dasigtinle den tentane quesantoave oégosant de

2059 1750 336 51 11ar

1648 1764 82 48 32

1891 1739 43 87 39

741 1782 2184 92 tella éslouis ett du jententet de jane ale jux adurer, dunt maison

2279 1849 93 51 Lant

1840 1846 116 58 II

750 1875 2170 91 de peudachs Moute dit pout nond accs lis les rlnt set condittont qui

279 1874 76 91 5

1460 1954 150 62 den Jrat

1954 1948 506 62 Eqntr atte 118000

745 1955 2213 94 un posele, potour t sper le dy ête de donnnation, remptur les fonmalitns

1677 2024 104 68 1e5o

1899 2030 573 63 394 arona golll len

556 2053 51 70 des

691 2038 2236 91 dpreseettse pa le lt ce quitilensent fans gé que leseinaitintes megaront

2097 2126 280 58 I Aa

2684 2092 261 92 au line

745 2127 1923 98 au port de la praterente dole de paice, le vingt quelne prondire

754 2206 2224 100 de la republique signé abbert La qraveiplill vat et cit centiqe veritste

2903 2236 71 90 le

757 2276 2091 156 sigue et paraphée au datir de la donnnation pasice devant les rnntaira

1706 2393 119 81 350
