2288 3508
430 21 1819 162 d liglese pe faise poier Dics poer le reist de son amo ; chargeaut

419 116 1826 145 Son exécuteur testamentaise, cy aprés nommé d'en faire la distribation

432 206 1820 156 comme il avisera beu être, dans qu'il suit tee d'an roudue cmpte

432 319 1187 148 à qui qua ac suit, souns aucun pretente;

1746 335 62 89 31

506 411 1735 152 Et pour encenteu la present testament, la testatrion le cheiti et

434 496 1828 149 nommé la pertonne du cet. leverger président du huibemal isi

422 586 1842 156 de cette calanne autre les maint du qual elle se dettaitit de tout bes bians

1668 709 132 56 112

430 723 704 93 Suivant la cuntiene

506 760 1776 152 Ce fut ainti fait et dicté et nommé par la testataire, à pierre

444 851 1830 140 yres Dala nataire pullie d'emeurant en cette villa rua de lhepitol;

432 947 1848 140 au citoyen Clauda francois qudin huissier entribemaux et au cit

424 1038 1854 117 Louis thone aussi huission et tribenanx, demeurants en cette ville

440 1120 1840 135 temoins pour ce requit et expres appellés en présence desquelt

446 1212 1836 126 la présent testament, ayant até lu et reliû un meit après lantre

438 1303 1842 125 à la testatrice, elle à décaré y pertister et atre ses dernniaras

450 1391 1830 133 volantér ; révoquant tout testaments autrrieurt. fait et pasté

444 1483 1838 118 au Brevet a la requisition de la testatrise en sa maiton

440 1561 1840 155 pont du nord auast Jsle de France, la beatidy de la prenmivre

440 1662 1838 130 décade de ts Messidon, de lan cinq de la reprublique

781 1771 187 51 dis 2

442 1761 1838 146 francaite una et Jndivitible, et la testatrice a digné avoc

450 1855 1828 136 les témains et le nutaire ainsi Signé de Caradie, godin, thane

448 1946 1830 123 et Balu en marge est écrit contritté au port n. c. ple de

448 2044 1822 132 france la vingt six thermidon au cinq signé bervier qui a

1346 2118 215 66 di de coure

450 2137 1500 117 marque reçu deur cents tevres arec paraphe

1290 2211 126 69 1etd

498 2217 1772 125 Cattatiume par les notaires publies à leste de France boussigt

452 2307 1822 119 sur losignal du dit testament, dépoté suivant acté, dont

452 2395 1818 111 expedition ett des autres parté le vingt neuf hoonindor au les

459 2478 1758 104 quatre emats rrages rabs. signé Balu à Seix mils rayès rals

705 2554 1565 92 Ennegisté par moi dienne téaicuthe husson Guffur du tribensil uun

717 2619 1537 84 delElede france toussigné vur une exprdition dudit Eement amoi

719 2671 1520 108 remies aut effet. aaloit dutond oust Jele de France le prennier fentre

721 2738 413 82 an Jeu Busson

1227 2751 725 123 macéam

142 2835 2110 139 contretdemaiage dux contrat de mariage reur par auffrai qi en a mémillé et lon confrare

243 2915 90 84 de

87 2903 51 113 6

567 2911 1701 144 notaires ahle de france le vingt huie Janaier mil cept aut quatrevingt fuiet decene

60 2975 397 104 Mcolai orand

565 2985 228 68 contiolle

867 2989 156 57 12

1095 2997 150 70 Entre

1350 2997 133 56 10à

216 3050 128 62 Avec

567 3030 1699 123 Nirolas moranit ancies Capitainé des Vaissiaur delude sils majeor de fea nuolas morant

74 3092 370 90 Reur Biajamime

582 3094 992 117 et mais Bointanp Dejoe ni pre et mare de put

132 3163 288 91 Le nonnaid

576 3151 1659 136 Meun Benjamise Le noumand Jelle mineure, poirée dutecond mavage de Pierse mare

1711 3141 196 84 332

561 3202 1682 171 lenonnand ave fui mair Jospher foy dentre paut a été entric ceqi Seut

1091 3352 148 146 215

1631 3402 113 68 1
