2479 3067
692 1 349 70 t durand.

721 44 1669 114 Earegistie par moi Eienne hiqrccelle husson Grefficr dutiibrmal civé

741 131 1616 95 de Eill de france foussigni fur l lspediion du du lestament

743 189 1662 104 amoi paoni aut effet ce deposé en lellede de Durand dant lacte

702 264 803 78 de depot acti dcement controllé

751 293 1622 132 Au lat Non dust Jsle de France le vingt enn Vendemiaine au

756 393 563 82 tegane de la Repe fus

883 454 194 67 d

1259 403 553 79 Busson

150 439 156 124 163

463 550 1944 160 Extraet de minutte du praffe du trebunal de pais du port de la

52 620 410 92 rudimgihance

95 673 1944 115 d'enfante montagna etle de france.

30 771 464 118 par lefs Masion

533 787 1920 143 aujourdtne tri Poréal lau taoisianme de la repoublique fonnaai

283 889 95 58 342

1239 914 29 46 3

1360 886 546 74 1

387 925 1582 128 une et cndivitile d l Dix houres du matin.

2253 937 94 54 3

288 1058 95 75 6an

426 1068 114 59 02

595 1035 1803 150 devant nons pierse Rudelle juge de pais du canton du

410 1156 1997 154 pout le villa de la montigue isla de france astisté du

1142 1283 895 83 17

402 1296 1202 123 queffie de pritanal.

276 1380 64 107 45

593 1427 1846 103 Et comparis le citoyen margell entreprener de Batiment,

908 1383 967 94 d peta

400 1521 1231 107 demenet audsiille un de leglise.

1694 1506 227 93 dI

1433 1625 74 43 00

1682 1586 348 70 3

470 1610 1954 117 dequet  idit et Vclaré quil acconnoit pout ses enfantt

392 1710 2040 118 habile alai c d sucoeder les nommer marie anne et

400 1811 2039 133 marie parissé ples netuselle de lui comparant et de brigite nicole

1261 1898 89 52 3

110 1947 57 95 1

395 1940 2043 109 nagresse ln du casse redirme, la prannase nee le die sept avril

847 2000 297 60 v

390 2031 2042 121 mil sept cant dte cept, et le seonde la huit aout mil sept

416 2128 39 64 1

317 2180 15 99 4

371 2148 2084 114 soixante et aunn, etendent que les dittes maris auvé et marie

385 2250 2070 132 perrine jouissant de tu les droitt avils qui leur sont attribuet

376 2356 2082 138 pairle loi de le ainnation sui pareille matieres Reguerant le

247 2518 59 99 2

383 2468 2053 133 dit citoyen maray, acte de la péésente declaraiur et que nout

369 2576 2101 138 annariont au présent les entrante Baptistaires des dittes mariaaind

245 2717 80 68 101

878 2683 245 75 Aa 7452

1350 2671 610 75 3 Ira loritt 30 3

375 2715 1585 140 et maria perse et a déclare ne deavoir signer.

441 2804 14 77 1

443 2804 68 147 1

803 2790 397 81 dmm u

1219 2797 47 51 4

1288 2802 35 46 4

511 2854 1937 141 JJurquoi nout juge butdit et doussignés donnons acte au

1128 2951 56 100 7
