2479 2842
453 1 1707 112 alaffranchissement du noir isoniné boncoier qui mapparn

442 48 2018 141 jeuleur que la lebenti soit accndeu lex Eexceptant perconsequent des

1717 126 101 47 19190

443 129 2002 140 bieur quese leis erai apès mondicer Han queu queatar les leceur

450 221 2021 151 queje laise aufet colin cedenier son leur defain apprendre an mittre

442 299 2016 160 au nommé Bouveur ct detû rémelle a t majrité une somme de

1528 407 109 58 a

454 440 457 84 troa melle levur

453 423 1962 186 Jlaim pe pui ledu Cet Colas que je nomme par légrésent mon

443 511 2026 160 Exautreur testamentane dle pendre soin de ce juenr noir nommé boneum

446 606 2026 156 redet gaider chet lui, emonsiquence, je ne dessains entre les man

450 697 2019 141 de mondie let tolir detour mer biens fevant la Crateme revaquant

457 778 2004 153 toui autur testaments et codiciles quep pourrair ancu faic avant le

456 906 1050 125 pasen leque est maidmere Volonte

461 939 2003 158 Cefier anii fan ceduté par laditte testateur audie Notaiie Jean Eeplese

456 1027 1970 155 Jlvant Noux cepar cedermier aille le ce relie, uinniot lui aprés

470 1108 1990 161 lautre, aleante et inte ligiblé voix eu presence. de Jean Louis, Gariide.

465 1188 2002 163 et de louis chailes Dérneur boimgéois domicilies aulieu du Lagtende

2355 1261 87 43 do

397 1296 2070 166 à revieu témoins, pour cereques camman ; lsquilss ont fqui emale

461 1400 2003 115 Notand les pesentes dtelineer enlrevet teneivime jour de la poure

465 1477 1974 130 decade du mois themedor a Sept heuris du matin au quatie de la

465 1559 1983 133 Repablique francaise une d'indiviuble dans le maisoin ferditte

830 1569 276 61 25I755

462 1640 1988 155 appartruant auSet Colir aié Signir Deméer J L. Gainier eeselvain

456 1799 166 75 Nouy

898 1758 1552 157 Euregisté par moi Etieura uaiittre hussois Guffier

626 1995 89 103 d

906 1858 1550 155 decliibmal evif de lledifrance soussigne sur une

918 1951 1524 139 exprdition dudt le vament lignés de selvair Noux

838 2035 1626 148 a qui ent depostaua, de latlimatte decelui, la dille tepesit

866 2180 10 106 1

906 2142 954 96 mayant et pesentie ac effec

896 2156 1549 183 Autoit du Nord ouist Je dé france le euf Vous

895 2256 1500 178 de san cunquoine de la Nepubliqne Jdr une Luudt

1818 2362 296 105 Busson,

1065 2744 160 88 227
