2312 3508
744 1 764 135 dele lep Frantaist une et ende

1265 46 661 100 me Bunotion nn

1113 187 216 66 7

1565 144 357 148 LJni

382 272 1926 164 Pardevant le notaire public à liste de france toussigné, et le

58 350 232 74 Ratament

126 415 100 72 de

401 393 1907 152 temoint cy après nommés autsi doussignés, Jut présent élau de horque

31 456 362 97 Aau de Borque

423 489 1885 175 Eitoyen demeurant en da maiton sité den le chemin des pamplemont

411 584 1893 181 au hant du campdes malabards de cette ville et canton du port

413 719 372 83 nord oueot.

485 787 1821 181 de quel étant malade de corpt dant son let, mais dain d'esprie

413 896 1889 171 memoire et jugenent, ainsi qu'il est apparû aux notaire et

230 1013 155 80 5e 25

401 1005 1899 174 temoins doussignés, a fait et dicté le présent don testament et

419 1124 1386 123 ordonnance de dernière volonté, ainsi quil suit

469 1233 1837 156 Premierement je décare etré veuf de Jeur marie ftote, de laquelle

1746 1210 178 95 640

428 1350 1494 117 Jai eu ptusieurs enfants, vn angôt le de,citanl

1532 1418 35 51 1

471 1444 1831 173 Secondement je declare affranchoir par le présent marie yoseph

1692 1467 95 72 3510

444 1553 1864 163 criole agée de quatre à cingant et la nominée marie geneviève

432 1656 1868 146 ciesle, agée de six à sept aus, mis esclaves et pour leur éviter

436 1752 1872 155 d'itre à charge à la colonie, ze donné à marie Josepth, le nommé

444 1833 1860 193 Vhitippe noir gudien agé d'environ vingt cing aus, avec le caffre

308 1939 1485 161 da à don ebage et les effett qui y sont contenur.

469 2063 1819 131 Je donne à marie genaviese pareittement, la nommé

278 2143 51 135 4

352 2128 35 156 1

450 2169 1854 136 magdeteine indienne sa mere, avec don coffre et tous les effet

62 2305 148 117 ndee

467 2268 770 86 qu'il de trouve contenir.

477 2344 1829 154 je donne en ontre aus dit vaffranchies la quantité de cingrent

945 2317 945 80 iba leaos Juanis

1951 2336 316 80 39 lasmein

243 2416 90 64 340

413 2402 35 76 6

462 2455 1844 103 livre de lix qui liur sera partagé entreux par mon exéegeteur

148 2508 58 64 45

255 2516 160 101 Mat

460 2527 1842 131 testament aire ci après nommé que ye charge de fairé confirmer

1518 2525 158 67 809

411 2611 1819 136 de leur liberté ausitot mon decés et aux frats de ma succession.

421 2718 1883 146 usje noinne pour exécuter le présent mon testament, le cit.

465 2796 1839 174 touis horqué monfils, ne d'ébaitissant à cet effet en des mains

171 2857 43 66 6

272 2849 94 84 3i

462 2874 138 51 t 61407

477 2907 1199 135 de tous mes biens suivant la contuensé

93 2958 135 78 519b

302 2958 241 76 lotoureqne

1653 2977 62 30 02

1660 2952 264 70 Feraui

541 2995 1739 162 Ce fut ainsi fait et dicté par le testateiur à yean Bétin

331 3073 131 99 800

508 3065 221 61 dboile

483 3100 1749 166 notaire Publie en présence d'abrahais arlanda et de

358 3176 26 88 1

487 3188 1754 179 Pierre naragna citoyens de conteurs Demeurant dusdit

834 3279 415 98 2

1054 3404 113 88 251
