2479 3150
829 1 629 86 aul effit ce defeudd rendul

828 68 1559 115 auPoit du ord deant Jede fance le vingt tion Veutoie de lan unq

843 133 874 115 de le Republique francaine une ce nd^ee

1650 197 247 79 Busson

584 397 1812 122 Lordevant nous Louis heury Durand notaire publie à Licle de Frances

122 507 294 98 testament

472 486 1956 117 Soussignes et les temoins cy après nommé fut paisent Citayen Martrie Gelur

199 589 60 84 de

469 575 1962 107 Charpentiir demeurant üe de Condi pres le pont Bourquis né cà S'hidul

127 647 2269 117 Marten Gele pres de S^t Malo cy devant Britagne, fils de Martin Gelin et Marir

465 721 1936 136 Banathe Son Epoure touts deux décidie ; le Comparant vune à l'efot

274 784 170 162 362

484 817 1938 117 en après en notre Etude Chaussie du duupait en bonne Saute de Corpt

474 885 1906 133 aussi Sain deprit mémoire et entendement Ainsg qu'il nous est apporrée par

467 964 1964 122 les discours et entretiens; Lequel dans la Vue de la mort aprés avoir ecommande

470 1044 1951 133 Son ame à Deuu à fait et dicté à nous notaite Son Testament ansi qui

467 1109 142 93 Suit

540 1169 1872 162 de dconnais Joseph et Jean Daptite né perrime hilure negresse Libre pour

463 1272 1942 124 mes enfants et à ce Titre Voulant mocuuyer de leur Soit pour lavenir je leur

467 1347 1952 130 donné et Legue tout ce que je me Trouverai posseder dans ce paps a mon dices, les

465 1426 1959 117 in tetuante mes Legataire univeroel, Si Cependant il etaiin ma jeurr et qualois ils

462 1491 1897 131 Verlent Vinsent à mousie Sans enfants Ja Veux que leurs Buns Vunes de mi

470 1580 1958 149 passent à leur mère perrine hiline qui en auru Lusimfrent et la proprieté appartaide

470 1664 1902 140 à mes parents en france que J'appelle anon que la ditte perrime à mu Seare fuise

469 1746 572 82 dons les cnn Susdits.

626 1813 1753 150 Je Nomme pour exécitteur du présent Testament le Citoyen Louis Gesville

476 1904 991 108 Negt que je prie den peudre la peurr

598 1986 1784 117 Ce peut ainoy fait et duté Sour iiimutte par le bestatur à nour notaire

474 2059 1877 119 Soussigné et envrité à lus par nout lu et celû qu'il a dit bienr entendre et y

481 2135 1877 129 pessivieer en pusence des Cune eamoud vedal et purre Guzot Témoins pour ce

467 2203 1929 135 requis et appellés Au port nord oneot Jle de France en l'Etude le Vingt Six

483 2292 1920 103 Ressido au quateume de la dipublique Francaise une et Jndivisible Vervouse

472 2360 1947 112 beurer du Matir et à le Testateur Signé avec les Temoins et nousd. Nataire Ciny

470 2437 1958 107 Signés gelin Rajurand Videl quprt et Durand Notaire avec paraphe en marge ent

472 2506 1952 113 cent pontrollé au &M. C. Jsle de Jranc le 25 Ventore au 5^me ieuu deux Cent Lares

472 2586 1914 110 Signé Servier, Jl at amoi audit Becuet Orignicel dment Signé et parephé et

467 2658 1961 110 Annepée ala peniere Munetle de Leite dont expeditioi est des autus perts le tout

442 2724 2005 119 Demeuré audit Durand lun der notaire Soussignés en Marge eat éent déclie aepesarle

463 2800 557 108 Signé Guirne et Durund

472 2898 1952 92 un emot rayinnt Ale de Fance sonsigné sur une cagidition da du testamment anoi présentés

856 2824 1521 107 Cempstit aur moi Etieans hianatte hasie Geffte datibna luvel des

856 2961 105 71 a cet

835 2973 1584 108 au Poit de Nordbant dle d France le Vingt cn ventor an cqune de la teppe

852 3043 497 87 Marair anoet n

1363 3041 231 65 Busson

1344 3083 63 61 36
