2483 2600
1856 1 543 84 deux cent toxanté hosant

1041 66 74 62 lai

1431 69 35 61 1

1499 63 347 68 silaene nndiset

336 65 485 69 LBotet requi lenn

179 76 138 82 dexE a

375 91 1752 89 Dout acte regtent et ortroge pour dervir et valer ce que de raison.

1796 156 102 52 bm

46 156 1501 79 lantstis 2e na isepr, ia zan laus alu luonenile

404 197 1977 94 Pour faire inoinnar cet presentes en besoin sese, il est donnesteut pouvin au porteur

1786 257 45 56 1

408 268 1986 114 Ce fut ains fait et passé en double cijmutte lais pout nord ouest isle de

1185 352 233 43 DE 3002

391 342 750 74 ar le airy aliaan rouffoi ee

236 342 139 108 Pe 0

15 381 103 82 den

391 394 2011 98 aange en tétade an présence det cit jarques éharvet et a lexandre martive

348 443 986 56 alar lonn crose toufeon ai rent cor

381 482 2021 104 marchaud demeurant tout deus en cette iville temoins pour ce requit et

697 537 504 55 30 81427 43 00

173 534 136 78 [rl0aᵃ

369 553 1995 133 appellés la seise vandemiaine au sixieive de la republique francaite

323 644 28 65 4

78 676 76 52 11

379 639 2001 136 une et indisisiblé et onts le dit lauristat et les tainoint signés avec

398 719 597 75 d ct dop

92 722 280 86 dort le aben

371 754 1951 106 nout notaires la minute des paisentet controlée le dingt cing du dit

862 814 24 45 4

177 811 637 80 sesoont ae a ron

378 847 2031 106 moit par dervien qui a recus milles lisres et demeurée a durand l'un

700 908 90 51 370

134 920 127 63 AIIoxx

375 925 2037 129 des notairas boussignés commé, tuccessend aux affices et pratiques de

151 1002 286 68 ie Vast cnnt

375 1032 2034 117 cit Duvrand son pere suivant un avrêt du tribiumal dappel de

452 1103 232 55 6a3

111 1099 268 72 lMoachobai

371 1135 1837 89 cette isle du sept Baumaise au six lignese querrin et Durand.

277 1196 370 65 Brcdl 40

833 1204 1559 91 Erregistré par mui Aunue heaiccillie husson Greffier du tibinal

138 1275 2265 84 enons aayen e re los aoit de Onle de france soussigné sur une expedition duatet acte de

2270 1366 68 53 recn

726 1331 1278 103 dvoice amor renei aul effet  vey

158 1344 515 153 lanl cébi

1782 1441 97 42 mer

829 1367 1431 125 au Dost duherd Aust Médefrance le huit Brunmaie au C

1915 1443 180 66 Busson

1100 1466 332 59 10482 3

1053 1470 11 45 1

1783 1464 19 65 1

1136 1482 561 76 dII   ebmoer

54 1502 246 79 Mariage

1561 1516 254 62 Da 82

106 1554 408 105 Entee Leses 5ed et

546 1567 1918 105 Diun contrat de manage recu par alffran notair del'Jle de frascel qui au a nunalse

1 1636 367 80 Nose Fancois Moly

1772 1694 182 50 E40

270 1636 2161 117 goir [diament asliste de temoins sour ladatte du neuf Briumaure au six contiollé

82 1705 79 54 1

65 1733 264 55 Cambolan

125 1739 958 112 po ce jour oute Brue

1089 1755 138 70 Entre

73 1825 330 129 Chartolle Garly

502 1850 29 58 3

546 1775 1843 131 Perre francois Moly Cambolan habitienr difluiq fili majur dantoine moly

559 1847 1675 123 Cambolan et Marie annne flay delhli se marquerit dune part

544 1899 1892 163 Citoyenne marie Chartotte Gouly felle mapard de marie Nicflart quecly ee

169 1964 2302 179 3I6i de Junu Marir penaitt Belouse le peu lt mire de Berery en Brene de pertuant

564 2062 1212 135 déloirs dantre part a ell cstranaque sent

200 2163 304 57 12 Boir

197 2072 2213 242 oitarles fusurs époux se fout par le presentes au fursivant deux ce acceptant liite

356 2153 2092 218 lanu donation pare et tmple mutaltes egale linaque et entavifs de tout las

196 2327 176 79 utLane

359 2220 2074 219 viend meubles acquetr conquels mimubles, dettes ativer et anter lesenvele

183 2279 2288 247 Condorntr natai qui sitrouvesant composes leur comé ee tour dutres genaralement

144 2347 2314 251 31n a ppledudme qui lettoummont dus et appertenir au premomant d'ix le pour de son

972 2439 1493 159 aur pouir par lefiumvivant autone papiité ca ccompterr

2106 2510 352 88 naitis dudit
