2800 2479
2213 1 548 51 unt quarante mpen

520 26 2218 172 ma et indivitille a six heures du voir den la dusditte, maison

521 143 2212 148 et a la ditte testatrice déclare ne travve ccrire ne signe quaque de

513 238 2207 179 ce faire requité et interpellé suivant la loi après lecture aella

283 389 149 94 Tun.

621 395 106 64 155

768 399 310 81 3321

1392 373 51 81 44

531 374 2180 186 faite de son présent testament un mat après l'autra qu'ella a dit

977 512 310 73 dt

521 488 2217 162 et déclaré contenie son intention et acte da derniere velonté dans

710 630 219 68 d

519 623 2152 153 les quels ella parsiste, quant aux dits temoins ils ont signes

519 756 2239 133 avec, nous nataira le présent testament qui a été recu en brevet a

954 874 73 52 120

1307 860 82 40 32

1430 846 53 51 11

535 864 2207 134 la requititien aapresse de la tesatrice au Port nordoucst isle

816 961 860 82 102

486 998 2268 151 de franoe cn la maison et les ditt jour, mois, an et heures susdits

1068 1104 33 41 4

1202 1089 722 62 3

351 1162 125 99 350

520 1115 2242 152 ainsé bigné a lorignal desgaules, quillanma dinbes et de lisla notaire

508 1220 2253 172 den marge du dit brevet et écrit signé et certifté au desir de l'acte de

363 1367 147 119 125

517 1326 2238 172 deput recû par les nataires publies a lisle du France soussignés le

2020 1436 56 54 300

498 1466 2274 145 dix naef fructidix aù cinquiame de la republe que francaits un

2020 1543 129 49 3re

519 1578 2258 162 et indivitible signés, louis paté et dalisle, il ett ainsi en la minutte

1885 1667 59 46 1

523 1703 2254 130 du dit acte de depot et du brévet de testament y annece ce de u

1227 1764 980 73 i5 2 1 121 10

465 1816 2306 121 iet des autres parts transerit le tout demeure en la possession

785 1919 39 50 1

455 1914 2306 147 de delisla l'un des nataire boussigne qui a detivre la pres enta

1184 1996 1103 84 13 4 52 8.88

1418 2039 287 70 1512

461 2105 48 91 4

519 2060 526 125 expedifien.

692 2060 2028 150 Enregistin par moi Etanie hiamittre husson Greffice Autitbunat cevil de lole

433 2145 2287 148 di de france toussigné vuu une eplditn du re dtement amii peintié aet

681 2224 2034 135 effaté au toit detodven Jslede fance le vingt iquatir funtidor de l'an

2112 2334 166 84 13

561 2393 94 55 AA 492

672 2315 1093 144 ing. de la Repablique Francanc une lt cune

1826 2320 248 106 Lunon
