2479 2942
392 9 2023 129 deyor au Guffe de oté ngni Bise teuretaiie Geffier, en marge est cene

387 83 2028 147 controllé au poit dunoid dcnt Jlede praure le neaf prtedot au fene recu

389 163 1179 126 deux uit levice signé machandire adyoint

585 256 1854 113 Enegntré par moi ttu mui hi arcutté hasson juffier du tibunaunel

600 339 1864 118 de Osle de France Joussigné sur uni expeditian dudu acte cledevoi

605 416 722 102 a inoi presentée aut effet.

539 464 1928 134 au Poit dutard vieut Jlede france le Sise factedor de lan cenqeane

608 567 1756 124 de la Nepablique francaise une et end hrois mots rayes mels

565 645 48 57 39

1162 709 370 70 314It 4  111

1411 671 8 71 1

1687 665 301 72 Buson

1098 763 600 109 Vin dllre

50 890 275 89 testament

541 849 1895 120 Pardévant le intaire pullie du canton de la risiere nuis est

124 959 95 95 de

439 944 1984 111 Cosparie le eitagen l touis néoclas chevaliee ; habitant de ce

22 1023 342 121 Louis Nicolos

76 1096 252 80 Chevalier

423 1031 2026 144 canton lieu dit le tamarin legvel gssant dant son lit malade de

371 1158 45 92 7

420 1135 2034 118 roxps, mais sain d'esprit ainsi qu'il ett appare au notaire

294 1243 114 113 25

436 1212 2038 146 boussigné qui vest enprès transprerté à loabitatien du dit Poesalien

434 1322 2027 121 qui craignant de mairis avant davoiur manifesté des dersierer

1254 1322 36 50 35

451 1407 245 59 3br82

441 1402 2003 126 n le intantiont a dicté au nataire le présent testament

475 1505 252 78 36 1e

745 1505 272 64 114

434 1493 1981 143 ainsi qu'il suit, en présence des citogent louis ainsé dronst et

441 1605 1980 132 quillanma mauricepoie asé tous deux hatitant de ce conton

438 1711 1606 124 et temanns appelles à tit effetn de omon

1463 1783 97 68 03

516 1810 1936 126 prennesement qua l'on acquitte mes ditt di aucunes de trouve

448 1892 1996 141 legitiniement due tors de mon d'ésis et mayeinant les titres

451 1989 1998 127 que jai donvé à nmès dits creamiers taut dons la colonie qu'en aurope.

726 2077 467 39 e oua et narint ur c

500 2085 1926 119 sécondement Veinstitie pour ines heritieres les citoyennes

1679 2152 283 54 43 en 4ca 1134

390 2167 2043 126 Covillés, Dhais et Delorne mès trois soeurs, résidantes en

891 2283 83 47 3

412 2260 2047 129 europe seavoice la ditte detonne a lieursaint, la ditte Dhais

449 2373 2008 112 acharentat, et la ditte eeville a antonn et en cas de deces de

449 2463 2007 109 l'iine de mès dittes saurs leun part retournera à lecurs enfant.

585 2561 1885 121 je donne la liberté a la nomme rosette bengalie négresie

462 2659 2002 85 à mei appartenante pour reconnoitre les bons et fideles

464 2740 2000 113 services quelle na renduc, je lui ligue et ontre une somme de douze nille

469 2839 394 86 mille livres.

1272 2847 104 78 259
