2492 2479
739 1 1611 87 Auvont da Noin ount Jsle de frannr le Vugt lun termedor au

2047 39 228 73 Bunon

139 152 293 98 Restament

559 128 1891 151 Par desant la nataise pallie à liste de France et les temoins

242 229 47 69 de

64 271 380 99 M^ee Caradie

508 264 1968 92 cy apres nommés dansseque, fut péesente la Eie marie quilleme tte

84 356 16 80 4

513 319 17 43 4

501 348 1979 109 prignare, veuve de defant Francais rolland Talin Caradré, laquelle

497 440 1982 126 etaute assita seur un fantanil dans la dalle dune maison primipal

495 532 1946 130 aù elle demeura rui du Chiine de la liberté, malade de cops mais

497 634 1983 120 neammoins saine desprit memaire et entendement, ainsi qu'il

490 728 1990 146 est apparu ausx dits nctaire et temoint, dans la vüe de la mort raiqnat

487 842 1976 133 d'eu et re prevence, avant davoir mis ondre à ses le vaffairet;

807 943 417 38 d

484 943 1983 133 à fait et dicté la présent son testament et ordonnance de donieser

782 1038 120 48 3

1009 1035 218 50 314

1646 1031 84 59 3

486 1028 1985 163 volantés, quelle vent et entend, etre exccutes apres ba mont de la

482 1174 918 108 manièse et ainsi qu'il suit

1805 1243 27 35 1

500 1262 1975 146 Dunve et legue la testatrice, aus pourres de ce Canton la Jununn

455 1381 1269 127 de vingt mille livres bittet monnoie.

533 1483 1919 114 Veut et entend quaustitit son dicés la nommée mardn négrette

2230 1596 42 53 3

469 1596 1967 125 malgache ; la nomené maria Joseph négrestse crecle; ainsi que les

462 1705 2010 123 nommés, imélanie, a delle, et Jasept des enfant, boient affranchi

455 1820 1990 117 de teutet servitudet et pour que les dittes esela vet ne Juient

458 1907 1996 123 peint à Charge à la aclonie la testatrice leur donna et legue

442 2013 2034 135 la somme de vingt mille livze papies manvie partageabla entae

444 2130 813 116 eux par egale porteun.

538 2209 1887 128 Quant au Surpties de ses biens, la testatrice les donne et leque

1439 2298 141 145 271
