2967 2479
2275 11 461 66 cent vinghemée

603 60 2332 110 du port touis paroitte S^t louit où ledit Sieur thonsat

599 176 2337 113 S'est exprès trantporté avil le dit M^e doriand, lan mil

593 298 2313 127 sept cent quatrevingt douze le vingt quatre novembre

597 428 2347 116 dix heuret du matin et a le dit S^tr Thomat Signé avéc

607 553 2325 114 les dits notaires le present son testament ainse qu'il

599 678 2341 111 eet dit à la menute det présintit demeuree au pour du

575 787 2379 132 de Bélin l'uni dit notaires Poussignés, entuite de laquell

590 913 2261 128 e l écrit; controlé au Port louis Jile de france le 299

634 1020 1831 139 792 recue quarante sol Signé servire. S.

2122 1143 148 62 i

637 1222 2208 164 Pardevant les notaires Publiet à lisle de france

588 1355 2296 153 Soussignés, fut présent, Pierre thomas, Entre preneur.

444 1542 104 88 35.

575 1480 2335 143 de Batimens, Demeurant en cette ville du port nore

588 1585 1664 155 ou est en la maison riüe nationate

1413 1662 507 65 11172

2084 1663 19 51 1

599 1706 2355 146 lequel et ant en parfaite Saité,; Sain d'espril, memoi

1717 1795 126 54 3552

2048 1783 311 70 ibate

589 1833 2318 115 et jugensent, ainti quil etl appare aun notaires

1910 1904 558 64 1.112942

570 1958 2359 125 Soubsignés, et la dit et declare, approuver et

2234 2025 47 44 14

577 2071 2340 131 confirmer par la present son testainsent recu par

579 2182 2345 152 Bétin l'an des notaires Soussignet, et doiaud notaise

454 2315 26 100 8

579 2294 2352 169 le vingt quatre novembre mil sept cent quatre vingt
