3108 2479
695 13 2366 160 anc le dit reviare, en létude du dit Belin Site rui de

1846 103 66 51 8

702 117 2363 179 cordarie de cette ville du port nordonett, l'an anqe

703 231 2382 187 la républiqne francaite une el indivisible le septe

709 359 2390 180 nivote sept heuret du matin et a le dit Thomat Signe

699 480 2380 172 après tectiie avec les dits notaires à la menute dit

705 618 2389 146 métentes Demeurce au pouvoir de Bétin l'un det notair

675 765 2410 138 Soustignét; entiuite de laquelle esl ocrit; controle au port

681 881 2411 139 N. O. Jlle du Franoe la 11 nivole au S^e rieue deux cent lin

673 998 641 129 Signé Servicse

1095 1081 1988 110 Penegisté par Geff dat moi Etienne heumille hiunoin Greffreve dulubu

1099 1162 1986 114 levil hremoné sieis uns expedision du du lestamant amai voudfe vu

1097 1246 1965 128 effet Nibbet duttard dicent Jle defrance le pennien anddor

1118 1326 703 129 au Pa de la Repeur for

1851 1355 296 100 une le moit

242 1556 326 88 lestament

734 1530 2338 150 dan anquiema de la republique fnancaité une ete indivitin

1689 1476 115 67 323

2207 1368 263 113 Pousson

118 1655 581 138 1J fer trande

688 1622 2370 173 le vingt s'in preiniat ne f heuret il decaite du matin dont un

68 1782 84 84 det

670 1729 2388 156 itoblissement de tétal sit paés du pair a poulols au nant none

68 1955 62 109 1

646 1833 2395 144 Sommat'Expril Mautpontés Jur linvitatinn da jan Croncoitle

462 1926 134 68 314

662 1928 2378 152 conste vélésan Eimploye En qualité de sunt gande dantittanie

635 2030 2412 183 eyet de ccinquantte trait cent nalif en piendie libalie de noyen

724 2155 2317 205 du rtant al aslislé des teenaint cy aprôt noim més par nout

664 2253 2375 212 pequil et appelousà d'effant d'un de not conpienet avont tuous

658 2379 226 98 1 dit.

1299 2374 59 84 32
