2958 2479
2391 1 560 81 ces vingt deusieur

607 75 2345 116 de necevoe le legt que ye luifait de ma montre dor comme

994 163 228 60 IN 240087

614 207 1960 126 uni gage de l'aniitit que y ai toyesert eu pour lui

676 312 2237 135 fuit à la grande rivière du port nordonest à liste de

92 444 500 133 le quatre numdor

81 476 2798 171 Vocu deny ceublive France le huitieme yourt du moit de praisial l'an

82 632 510 125 licue Marchaudive

631 611 2288 98 cinquieme de la republigne francaite ne et yndivitibla

84 756 214 84 aezomt

650 672 2277 159 Signé Dantier, en marge ett ccrie controlté au Port N. . Jle de France

676 826 58 114 6

910 728 1963 154 Enregistre par moi Aienne heansithe husson Gufficr dclibunal eenel

914 797 2030 164 de Bulede feance soussign tuu longinal du dit testament amoi remi

931 933 235 87 acut effe

920 864 1995 214 auPoit dutord vcest Mlede France le quatie Memdor au unqueeme de la

936 1020 631 112 Reye far une l und^e

1632 1027 212 59 Busson

635 1043 2303 206 Pardevant francoit ennemons Brun notaire Public a liste

95 1267 293 95 lestament

203 1349 91 81 de

628 1210 2306 168 de france soussigne et en présence det temoins Ci après nommes

89 1415 387 138 Mde Latour

629 1337 2319 140 dans l'appartement d'une maiton Situé rue nationnal appartene

621 1466 2324 131 au cit. Cardene Capitaine det vaistan de la republigne

600 1583 2341 153 fut présente citoyenne hetens chribtine Chenmie veuve de

618 1727 2317 136 feu Cit. Paul louis Patont Fe Jgest malade a titèr mait

1740 1714 44 90 6

622 1863 2260 132 neammoins Jouissante de toutet set facuttet moralet, ainti

619 1985 2329 135 qu'il a apparu aux ditt notaire et temoins laquelle dans la

619 2131 2299 115 crainte ditre suoprite par la mort avant d'avoir, mil

633 2239 2260 133 ordre à ses affaires à fait et dicté au dit notaire en

1087 2386 217 91 eet dits

1335 2383 906 94 temoins, Son testanieent

2260 2441 25 36 1

2304 2393 24 84 3

2656 2411 213 66 ermes

371 1615 111 216 91
