2479 2617
234 1 43 32 33

446 1 1931 76 sme solantes et pour leur dome un temoignage de Sa satesf

255 10 51 120 4

434 65 1998 105 et de la Confronce quil à encyx el les peit d'acnepter Sont le lita

439 174 1945 99 de Lamitit Chaiux pent piathies effutivis Sur Sa Surcessiee dent

59 234 356 68 aoamia les aet

442 271 1461 130 ils se Suiveront eux memes Sant autres formalites.

1943 305 89 58 35

1942 353 80 46 1

385 414 42 57 dee

482 378 1927 116 da fut ain fait dute et Noumme par ledit testateur a Jeun

133 500 61 55 3

228 500 65 62 tin

446 476 1992 101 Duptiste Bombard Notaire publia en prisenr des Citoyens perre

372 569 23 89 .

455 569 1961 114 Gadres Sergent D'aititteur en Ditachement au Moulen à pouder, et

453 670 1944 100 Miellet Sannier Maihe poudeur audit établiseuent temoiesà cee

104 742 83 67 1o

459 758 1921 109 reques et caprès appelles (en présence desquellt le dit Testatment, apount été

764 843 436 61 e  Be734

392 915 38 56 30

456 875 1966 97 lie et reluns un mote apeur l'aute audit testatuur par ledit Mctaire il

728 934 94 56 An

841 930 181 49 AR 4

311 985 67 101 120

452 961 1901 110 à declaré y perdistér et éle ses diniees Volentér et navoir rem à

520 1019 380 51 31

312 1078 57 58 2

456 1054 278 104 Charge.

758 1091 838 51 tamIPm roI 0ᵃ Vej

93 1161 36 96 4

181 1126 2239 102 aroui on lu fait et par à tolé du Lit du lestateur Lan Ceuguece de la

354 1216 2040 112 ¬ Mépublique le Viagt Tioin Flocal apres uidy et à. ledit Vestateur

251 1346 135 68 Tet N

417 1307 2003 113 det les Témoins Signé avec Dombard Notaire Susdite deux Meutte

49 1421 89 77 27

180 1418 192 70 Iᵃ A 12I

468 1405 1888 104 des presentes Leure disqu'illes à été Controlle du pert Ierd cnst

77 1507 289 82 84mon

476 1490 1914 112 Jsle de France le Vingt Six flonal an pmgneme par Servinr qui

690 1593 125 49 19 Vᵃ

1033 1589 88 52 384

481 1609 1913 87 à marque e an dex Centt livus et eet restée en la prsision da

126 1676 163 55 31

449 1674 19 56 2

510 1671 797 59 lee a laii ifri pae poor

1533 1670 476 57 Ciamor vv

17 1695 1640 102 de iaout Notaire, Sousigne Sigé Dombarde

1080 1743 849 67 4I  oi  le von

101 1821 304 67 aporltai

511 1792 1890 99 Trenanin e alongisit par moi Etiine tuxeuelle, tressioe Greffar nresigne nece

103 1904 679 68 nia dean. ceja as i

856 1872 1557 105 une expedition dudu tevanant a moi pésentté à cet effes et

173 1955 2274 103 dondqis ce de ei deseute undu aprés ition faiter su icelle; du présent enregistreme

197 2042 2228 106 aion onmr d utoit du noid vient ileue Frances le vingt sept focal au

159 2135 719 77 20 ilalde odit a ann

876 2135 1265 109 miquidime de la Repté fer une l end25.

212 2225 32 41 1

273 2211 1730 106 se aslai, a aa ontoia tats Butun e

203 2305 26 85 1

362 2291 58 87 4

542 2288 917 97 3e0id

1829 2310 222 106 D.

286 2385 141 77 33

444 2378 1635 99 2°14 mirsne de le mmiy oni ma rour se la dniai

293 2457 151 88 A.5

577 2451 1294 107 lls ion a aclole a cinaiido

116 2561 118 53 A 480

293 2544 575 67 dus Vilanr à d0 1

963 2554 131 61 I

1243 2537 49 78 55
