2479 3183
562 1 1094 59 dolen defrance foiin per cm ripstian e

569 8 1372 115 depay de celt ville duport Noid cantamer presentée ut effe

2148 8 254 114 [faux

564 61 1548 144 de sgt deu Nord vant hledifiance le tois Frenmaiie au Six de la Rey

383 178 39 46 1

516 198 37 30 3

621 167 732 78 La devue Mse Busson

509 203 1897 140 Pardevant nout louis hesit durand nctaire publie à liste de france

42 300 2378 142 testament voussigné et les témoins ci après nomemet, tut présentt citoyenne marie Magdelain

95 426 87 72 de

375 385 2047 120 fanna de conteur rause du ertogen bagenn indien austi de contaur demeurant ae

46 449 2376 129 ie Magdllom aaux appelle le cmp der saluns situt paes cette ville vanne à leffet ciapres

362 509 2024 125 au nctre Aude Ru ehanstre du rampart ella au bonne santé le eoeps

378 572 2049 140 aussi bains desprit unmoirs et autendement ainti qu'il nons ett apparis par sas desune

433 647 1964 122 sozertte dons la vin de la mort apres avoir recorsmande son auss àa diccu

383 717 1473 121 à fait et uon a deuté son restanmant ainsi qu'il veut

428 767 1996 133 Vai un Jils unigne nommé rala hivitant au lieu det les pailles, il jouira

385 857 2012 126 suisant le droit que lui au donne la natere, de teutt las biens que 1ye

385 912 2017 129 de laisserat, expaudant comme il à deux enfantt dont le sort min terette

376 970 2055 133 comme lui mêine jai ane devorr avouser leux vont, cest pourquii je nommm

389 1052 2035 122 et institnt let dede enfants de mor sils inains ceu qu'il porerroit avoir

401 1112 2030 143 Avore Lacqorloui jusques a mor décès met legataire universels en unu

414 1172 2020 159 proprieté jalques au décis de mon fils tors uquel lusufreit se remuira

401 1239 2026 152 a la ditte presprieté, quand au dit ntrefru je le donna et degue audt

401 1329 2008 142 reut moit Jils qua Jinstitus mon legataire minvertel à ret 'egard peur

412 1418 1488 113 par lui en juur a compter du jour de mon d'enes.

461 1473 1936 123 Je nut et vstinn mon léaitr testamantaire citoyenn jacques launs heurion

406 1518 2016 142 manhand en jost du comp de qorde de le butte lepriant de veulisr bien ma candre ce service

463 1586 1968 152 Cefut ainsi fait et dicté par dla trstatrice et seut uinnute à sa

189 1725 129 91 d aue

419 1642 2008 170 requittter apart avoir eté lu et relé par nont notaire veussigné quelle a

403 1717 2022 143 det bien Entendre et y persesaine en presence des citoyent Louis Claude

408 1773 2016 158 le Bonteillic et de jelis fante Denseurants, tout dene au cette villa

421 1835 1981 157 témoins pour ce acque et appellés le ciny flercat au quatre, de la

426 1911 2001 157 repullique francaite unt et rndivisible vers duse haures du matin da

382 1998 2042 136 testatrice et le citoyen fastut ont daclaré ne tavoir aose ui signer

414 2054 2015 156 de ce auquis suivant londonnance, pourquis le intoyen le Be teillie à

415 2116 2016 177 Signé Jeul ane nour notaire ainsi signé de bontaillier et Durand Metaire

419 2194 1990 177 avec parepte en marge est cont seellé les dits jour et an avec paraphe.

104 2355 294 87 drement controtlé

511 2284 1936 156 I ett ainsi audit Brevet ouginal de testamment duement signé et parapt

431 2355 2017 163 et ameré à la mnsutte de tant dont Expeditinn ett des autres parté le tout

429 2440 2016 134 Demeuré a Durand l'uis des notaire doussigné comme buccesseur aux

426 2525 2022 136 affices at pratiques de durand don pere par arsèt du tribuval d'appe

433 2604 2017 131 de cette oole du sept Brenmaire an sixiemes ainsi signes durand et Balin

789 2712 1635 90 Enregisté par mos ttane hiamittre husson Greffar dutibrenal ecel de

805 2785 1652 99 Este de France Joussigné tur ane expedition dadit testamens amoi quautée

810 2866 168 65 aut e

806 2892 1644 119 Autor dattord aut Iule France le tois feumaine au serenne de la Reple

1153 3030 87 45 —

1893 2958 210 97 Bresson

1105 3080 122 85 321
