2479 2633
488 4 1898 74 altaatsés à la condition Soersins varn que lil jan le e des pous parvin

490 39 1898 117 e le confirmition de la Viberté, bosent pret e furaii pars la vccusion aisi

490 108 1857 133 quense somme de trois mille livnes arquat monanie ' ja cours, qu'il lui

497 190 1895 120 donnt et legue pour qu'il un piuve nie eherge e luctouit, lequelle tenne de

500 261 1894 123 taois mille lines lui dasa comptés et delivree torgue sa liberté Vur sen contine

1930 329 148 57 A23040

567 352 1832 113 Prevenie, la dit testateur de lattartoemant qua la retoyinse vannx de sarse la

368 441 1980 110 corua pour le cmée victarinse, crasle ague de ainy aus, qetuillantt epu elle

2380 475 19 73 1

471 516 1921 98 gauthoise la ditte cetoyene se ten a qusdan dune e le le dut inquise

506 592 1899 95 au quin et disposer en tente pauprieté, a la eaiga pur ella de rans plonur é

617 653 88 59 ARbr

512 683 1908 77 dunessins dans laspare de proir aus, à compter dus qai det drcss du dit pastat

515 747 1914 105 la dites intorié par un guare inois capor, ovamtique au rsalqaêtien de lege

197 825 82 76 3

321 833 167 54 sa aurn

771 829 175 42 R 100ᵃ

1233 814 242 65 1251

1614 820 46 35 11

516 827 1603 96 de doure à quatarse aut. Cisut pbl o Sinnt

370 879 54 80 —

458 870 26 89 2

537 893 326 53 du prarst roite

2206 870 221 91 DI .eu

595 896 1834 116 Et pour conriplie et cxrenter le présents testanmant, le dit Testateur a ndimisé

520 971 1919 109 Alu le parsonne de julie cornel Jdn iséme hâvitant au dusdit quartier auquel

469 1041 1982 120 ei Ses aa poute pour lenatition de les prisintit dspritiont révoent, et aseculent teutadt

190 1101 2242 140 itai a, arta testament pu cedicilet qiil lusitilo preeden jut vondant que le

228 1167 304 67 10185 nol 28

556 1186 1877 112 drése, dit teul encenté desnue cntent séutt et ordn et dednient

168 1224 472 74 nomatstiettonn dend

715 1260 1730 110 et ainti tait et dcté et aininé van du Jntui et apr que le present den

1489 1272 32 34 37

383 1296 2044 141 iat tenainent c'att le esnêtté aun mor anres la de lülun bnntende vyp

222 1353 544 89 p. Nit imp

627 1394 1813 103 ais et passe don le suivant le loi à lairevine de ait etau le etaube

216 1433 309 76 au atsremié

553 1445 1156 90 testateur maisoit et Laitatiors e devur amoiré

223 1494 314 110 uni 18é

544 1524 1449 98 ducianne de la ainsu leqna francaise uncet ridisisille vy i

878 1497 1573 75 ioi ques rpubis or an aul liviiii le Brusaine de la

203 1571 329 86 iotast liv7

553 1606 1890 111 Lavcc et poyt quart la Chauvatage, desausant tous dena le rinire

734 1582 1044 72 den loistoetegt osiaqq elae

2284 1622 168 61 1278

239 1682 318 55 3019l m 20

681 1663 40 49 2

782 1669 1265 71 aly oo llit qu ilbon anq né c

570 1696 1099 94 rempait, temins à aa aeques et appelle

196 1745 1099 70 is Nali apenux e lu y land hamn n

554 1790 1889 114 digne et puapté paur recte et verses dence mins des presentes, le de

1381 1759 152 51 M3 ut

415 1832 1374 133 i lvenc pour etre plonger au Jursn det Lotén

888 1834 440 64 17731

203 1886 358 78 Naar aveso

728 1910 31 41 3

791 1911 97 53 d

559 1935 553 77 ne piu pord baroi

983 1920 135 59 4209

1397 1905 1061 91 d^ePelen lautre conre

203 1973 942 71 datbeanm angez ani laleppep conoiin

573 2020 523 79 sele mella levres

1160 2031 1232 120 denseure, aù lpossessen de haltent notaet

547 2068 783 113 enuin e digné Bitterie

1315 2103 480 78 dei r

418 2164 2014 112 la ar acnte aregntre par mes Tienne maicillie huisson Greffier du librent

1331 2156 63 58 ddie

1684 2156 15 79 1

1760 2183 285 52 ba a Vpatt nt

630 2242 1808 99 oroi ain Ml de fpmper lur ln eupedite dudit Detamen

1005 2226 41 51 1

1769 2252 190 50 16. alra

250 2289 219 108 se ab

602 2305 1186 89 174péun lsfrze

1005 2296 34 51 30

212 2394 26 41 2

923 2382 45 56 17

1008 2363 1431 122 aulot deso ode n fans le quatiousin au aar

443 2404 19 65 3

582 2384 651 114 le ann u i Rep far

1249 2445 255 101 une hient

276 2451 236 95 Contrat

608 2458 299 93 2 a7I

1507 2483 423 72 it Buxmmant

1036 2502 232 78 LALmE.

1347 2521 201 88 dil ogudt

272 2552 237 69 Maraye

717 2534 453 97 le Duu contrat de

1756 2537 171 85 Jia
