2750 2479
575 85 2126 103 Annexé au testament du Ct le conte Par nout recur en

564 194 2150 122 Brevét le vingt Six praisial sur la nemite à noutfaite

546 305 2148 157 Par le jnge de paix de cette vitte suivant son proces

541 437 2141 148 verbal du deux messidor ai et par nont delivre

1740 451 121 61 nI2

533 552 2179 161 le dit your au citoyen lindorf exécuteur testamentaire

516 677 2198 168 le requerant. au port n. C. la deux messe dor Signé chate

800 804 1894 168 longistré par mii Etienne liannttre husson guffier dutibemal cevil de

789 900 1889 176 Ale difrance toussigne Sur lesoigany dudu testament et codicile a moi

788 994 1900 212 prusenté aut effet. autort duttord diut Ie de france le deux memder

782 1083 736 168 an unuee de la bept frer

1558 1134 239 98 Busson

64 1395 270 85 tettement

462 1346 2228 200 Au nom du pore et du fits et du Saint et pril ainté soit i.

185 1466 27 75 2

17 1535 443 120 Ciluy JoephMarmen

433 1477 1483 170 testament de felix Joseph Marimin Dantier

67 1655 233 85 Bantar

413 1608 2168 230 Commendant du quartier de la grande resierze du port n. o.

1945 1571 766 134 Capitaine debqnralide

445 1742 1399 231 Par la gmace de dicu Etant Saint Despoul

381 1886 1113 200 telt Sout mel dermieret volontét.

1879 1912 286 111 memoir

2169 1925 552 107 Cet entendemdt

439 2039 703 174 Je prie ceux aurquils

356 2181 693 169 pardonner comme

1180 2155 1524 197 auroit pu cauter quelquet maux de me

384 2330 226 109 rmant

619 2315 395 162 Dieu den

1077 2279 464 132 pardonne

1540 2324 1150 153 à tout met ennermit se jenat
