3513 2471
992 64 2398 157 ratrait des minuttes du greffe du tisntat de pais du port nord

391 306 380 78 lebramen

852 231 728 109 uest dela de France.

507 384 138 92 de

944 274 2470 148 au nons du pert, et du fils et du dt exprit ainsi soit et sans de corps

841 399 2603 119 et d'esprit cy joist mer dispositiens en cat de ment. 1^e Ja laisse le atryen

392 524 331 133 Sequin

840 506 2608 129 dierre feuittoarade negomant a lesle da france mon consaspoudant, pour

848 594 2626 140 mon Excantenr testamentaire, et la prie de se contorimer aus despositions muivante

875 709 2589 129 T. consmed'est foudt de ma procuration dreclamera ena commission de

815 834 2637 103 dens pour cent sur la net prodeit reveinant auc arinsateurs, et mas dit

848 945 2627 113 parts de prises en ue quatité de second capisiine dur la consaine lapollon

844 1059 2619 105 capitame hodoul arnmateurs Velttet et conspagnie conformentent aua arglement

851 1168 2629 121 de quant à tout ce quel aura touche pour moi prevenant du corsaire Eentte prise

837 1276 2651 125 Capdaine Legars, dur taquel Javais dix actions et sia parts en na qualité de

840 1390 2630 110 tentenant ausiunte trois quart de part pour siesnoi emon donmestique, de plus

842 1516 1438 92 les doinmes quil aust toucloees pour ma

2304 1525 1147 108 prevenant du citogen foulquirr

841 1622 2629 121 négoriant à tains dais Ila de la recemoin; i fera faire una voutt quesale

841 1748 2625 123 de tous mes meubles, toutes ces sommescemie ensemble, il fere les partages suvert.

884 1842 2589 147 1° il fara paroreur aua esoyanises Pouy saint Jeau a Biarsate pres Bagenne

852 1956 2614 140 una malla contenant les effet deleur frare quil emavait etarge tort de

844 2079 2550 155 son deprt sur la corsaise La modeste, eapitaine Lesaillant, ainsi que

849 2170 1847 160 douse mille cent Livres, quil une laissé a faise valoie

858 2296 2602 170 plus la montent de ses part de preses, le tout montant à deus cent end

2745 2255 538 115 pour don compte

3305 2222 118 80 de

845 2400 114 69 Lir
