2479 3325
413 1 604 107 T. comeme dest jour

380 3 1413 178 dena pour cont sur le ont produit revenaent ans

378 20 2060 246 parts de prises en une qualité de terond capisaine dur la censaine la polle

374 121 2086 229 Capitaine hedoul, arinateort Pillte et conmpaguie conformeurant aux reglenten

387 203 2071 268 3^e quant e tout eequ'il auxa terté pour mi prevenant du cersaire l'entran

371 314 2069 236 Cepdaine Sogars, dur lequel zavait dit actions et sa parts en una qualitéd

373 552 292 90 Tentemant

694 406 1773 199 entuite tois quart de part pour sinson mon domestique, de pl

369 504 2082 225 les somme quil au touchées pour moi provenant du cetogen foulquier

369 618 2061 215 négeriant à tains danis Vla de la remmoi ; il fors faice uva vantt qeuesale

365 694 2080 240 de tous mes emaubles, toutes ces sommesaanies eusemble, el Jere les partages dient.

393 812 2063 194 1° il fera parsnnir aux énoyaiises Pouy faint Jean a Biarsate près hagerune

367 910 2080 179 una malle contresant les effett de leur faere qu'il mavait chargé lert de

367 1004 2075 170 son depart sur le corsaise La modeste, capitaint Sesaillant, ainsi que de.

367 1106 2063 157 doure mille cent Livres, qu'il un laisse a faise valoir pour son compte, de

371 1197 2058 162 plus le montant de ses part de prises, se tout enontant à deis dent mille

2301 1274 37 68 42

367 1307 1443 141 Livret, dans ee momant le piastre a mille Livres

387 1383 2025 170 Ve apres les sommes de lautre part prelevées la reste se partagera coise

369 1466 2017 166 ce apres, la moitié pour ma fuvuse et na fille a berdeaux, et Vautre

367 1560 1781 157 moitié à mei pere, et mes soeurs a doiarrett près Bayenve.

393 1616 1999 194 d° ze le prie de faire affranchiie mon donestgue nomené semon depu

363 1717 2001 187 des bous tervices et son altachainent quil ena toupours témoigné et dequel

367 1813 1990 172 ge bui tras daiisfait, il lui donners on lui fera tecur son benafile dans le

369 1946 1269 119 preses que fesa le dit corsaire.

1673 1961 419 67 3

430 2015 1921 138 Je püe Monsiear Pierve feuitherade mon anns de se conformer à uit

358 2105 1965 128 dispesition au car devesemants certaint et de faire les reniirs le puts

362 2187 1976 129 pissille à leurs destumtiont, ce faisent il abligena simesament von houane

356 2270 1958 140 à Matie Iila de seatelle le preiser forad tan ainqumaica de la rque

363 2368 1929 153 trancaise Signé Vequin en marge cn cont signé nevarsnture feuilherade.

437 2471 1820 122 Envclupe du paquet portant pour duscriptiers ce que buit évare

363 2541 1944 133 feuil hesade. Paquet concersant. Doninigne segnir, ze prie M. feuitton

360 2641 1925 109 negoriant à lecto de franne de le gardes, et au our devecnement je l'hait

350 2715 1678 114 à eu faire livertioré Squé dequins^t collavionné sigté Lame

400 2807 1831 106 Contrellé au port nordones le trins pludisireau sixsanse Recu m

166 2876 68 50 Da

186 2911 89 63 d

338 2892 546 109 Signe masatandise.

1359 2900 652 81 et aon

533 2959 1711 135 Lue gstre par ui Eteuve Liaistire busoo greffio du ribinnal cint de dut

356 3012 626 139 franse sur uis enpeditent du

389 3084 469 119 au pirt cord pen

1045 3070 998 88 Gestamant, à uni parsentt à cet, seffit

362 3155 726 114 une dt indisislé 7d.

936 3134 1060 109 na plédide au seaianie de la raju

2085 3132 44 93 3

439 3236 89 77 2

864 3238 179 72 duson

162 3095 17 47 1

2419 2623 10 61 4
