2479 3000
971 1 204 44 avis iim

1216 6 1229 137 te chau des noirt libres ou le dit notaire

350 1 990 142 et les rete temoins, de dont caprès

1358 81 329 84 trantportes.

465 80 1993 220 Laquelle quoique malade, étant vaise despud, memvire et entendement

371 171 2074 194 amti quil ett appare aux dits notaires et témains boussignés, à fait, e

376 258 2086 168 dicté et noimme son les testantent et ondonnaice de derniere velonté, aux

381 336 1754 157 dits notairat et temoins pour être enéentet après ban décès

388 398 558 112 mainère snévante.

2158 418 290 80 de la

1537 433 75 68 2

1313 493 204 57 140

366 491 2081 179 o je veur qu'apres ma mont met exécuteurs testamentaires ci après

1790 505 215 95 dmt^^e

385 576 2068 185 nommét jassent, confermanr pair les autonités conttiticet la liberté, que

395 680 2053 166 dentand qui doit doinnai aua nomméet roze Jndianne et à dafille pseptoime

385 760 2075 160 corali; ainsi quà marie jeanse aréslé, agéc d'envinon sia aut et denie a

1665 806 170 39 14074

393 846 2064 154 met Esclaves; que les faair d'effranchistements et les bomnes nécessaires

403 921 859 107 d'apres. les roit de la colonie

1288 970 1125 101 pour assussains la dubsistance det

730 1003 198 52 d4

388 1031 302 82 afranetoins

701 1033 1759 125 doitprise sur le prodcit det bient que je laissrrai ; ets

400 1098 2058 123 cbbarvant que Rote atant Blanchustende ne preut être à charge à la calonie

1066 1176 327 49 A 855058

323 1188 23 40 4

1473 1190 45 46 4

460 1178 1995 113 ja norisma at Justites pour mon legataire enioersel la cit. van merbees

315 1256 2128 112 cosaisénegouant, actuallement à liste de la rénion, et vaux qu'aprés

320 1308 63 57 dn

403 1308 127 63 329

548 1313 673 58 iol Popetnorit opd

320 1356 65 52 30

398 1343 2027 98 ma mes il jouisse de lanisoibalité de met bient maublas el

331 1390 15 70 1

1035 1413 88 52 330

398 1398 2054 123 inmeuble, de qalqué natieré quils puissent êtras, a la charge par

310 1476 71 72 d

1328 1493 14 58 6

410 1481 2035 130 lue d'aequittér, me dittes et de faité mettré en forinnes les affrandtiille

638 1556 150 55 1

570 1556 10 59 4

1822 1586 143 74 dae

400 1586 1407 99 affranchissemant, que je liieut, d'ondonner .

321 1700 60 56 d

423 1665 1992 123 2 je moinie pour mon raéenteur testattentaire, le ctoyen

1170 1746 98 49 11

658 1745 475 50 d2

1632 1750 36 70 1

401 1746 2029 150 Roussel negoeiant, demeusant en ctte ville pais de lautien jardie de

293 1781 68 120 40

1445 1843 77 50 C

1567 1848 15 52 4

403 1836 2009 132 la conspagnie, autre let mainst du quel je me dessaitit mon décès

415 1925 1578 95 anrisant, de tous mes bient au drsr de la cautiene

391 1970 59 56 1

366 1963 42 65 12

1248 1988 465 62 n°25 Jeit ptve

436 2015 60 38 dn

471 2003 1904 122 à defaut 'ou seii cet, d'absenre du cette olanie du vitoyens

365 2040 46 41 4

371 2065 172 55 MA. 44ᵃ

401 2093 1994 108 rroussal ; je nommé pours mor racentrur testamantaires, le ctoyen

465 2145 228 51 1 A 845

1125 2151 307 60 309I i

188 2170 1814 101 pierse jibier habitant, ac anton de troit de lot;

1380 2231 185 55 3007f

188 2243 2234 108 rucii gmelle fut ainst fail, dicté et naminé par la testatrice aux di

183 2315 2254 125 notaire et témonis, ilsà été le et relu par le dit notaire à la

206 2408 2224 120 nestestatrice eu pésensé des dit témoins apres la quelle lecture la

415 2496 1992 120 testatricen à diclarée ipertisteer en des dil et dispetitions et

420 2551 11 42 1

426 2586 1997 127 ravoqué teut testaments et codicle par elle précidecmant faite

315 2611 290 85 1er11

415 2655 2008 153 et a la testatii isignéé avre les dit notaires et témoins aux

338 2701 68 99 4

1563 2741 17 42 4

1173 2735 347 63 dT

141 2760 1546 95 a presentost qui out eté ardignet, en Bavat

553 2816 225 62 3.  ade

1753 2790 695 138 à la requitition de la

411 2848 1217 105 1

1093 2896 90 49 2ae

1091 2911 186 80 A181
