2271 3513
216 85 1889 137 titoyer maray de la déclaration qu'il rdconmit les nouivies

218 202 1953 129 marie auna et marie perrine citoyenre de Culeur, ditons que

222 310 1935 152 leur extrnte Baptestaises de mauraront jointt au présent et

220 429 1968 146 qu'expeditien du tout bere a dressée à laffirie publie du canton

238 540 1956 139 pour qu'il constate bur des regittres le prétante reconnaittance

222 655 1980 137 et avont signés avéc la greffier signé à la minscette Rudelle et

1642 624 43 61 1

240 767 640 152 godir filt graffier.

1048 806 94 52 1

601 848 670 147 suivent les annesat.

1562 923 29 80 4

253 1005 1928 126 Eatrait des Régistres de Baptame de la parsisse daint Francuis

1562 979 205 69 3

234 1126 2007 123 des pam plennset ible de France pour lourie mil sept cent srixante sept

279 1225 1927 121 Se vingt Sexiase jor davril mil sept cent doixante sept, je

238 1331 1956 115 dontsigné prêtre de la cong^te de la missior faitant des fonmtiont

259 1442 1951 95 ourialles, au la paroisle saint francoit des pans plemansses, ai

64 1532 2128 132 baptité Dapt tes marie auve malatrate cnole nae dapuis nonf jours fille

1663 1510 197 49 2874

263 1641 1941 123 naturalle de nicolle vagnesse créole catte malabare etclava de

263 1740 1953 127 M. moriniera, habitant du quartie Parrais a été jan noir oréol

271 1842 1941 144 catte quinse selave du cit. jabel et le mart arua, jeanne

273 1953 1951 145 néquesse oirole caste quince atclave du S^t moriniere les quels aut

273 2059 1943 138 decaré ne vavoir digner, Signé querin paêtre da congt de la mission

304 2168 1918 136 Certifié conforma à la rinnette uuc pamplemontse ca dite sept

1154 2144 212 49 3onJ

312 2277 1568 129 d mil sept cent quatrevingt signé Bonchar.

988 2261 251 53 8

371 2363 1839 154 Eatrait des ragistre de la parile laint qulian pour l'anniée

892 2361 139 59 38

289 2449 1940 164 mil sept cant voivante et ansqile dit aut mil sept cant soinnttte

269 2539 1941 167 et aure ja doussigné curé de daint julion de flaqucertiffé avoir

290 2619 1934 195 Baptité maria perriese néc le oint e du courant fille nataselle

287 2705 1921 193 de brigitte de catte indienua et deue du citrgen merancu magel

289 2814 1931 191 la parraies a'été pierre Balanis le mairioe domme marie auve

296 2890 1928 203 Boullangé qui na seit signes le parrais à segné signé à la roin

298 3030 1353 157 misette Balanis et Vuntont jcuré

1605 3103 39 58 4

324 3073 1884 207 je voussigné ce tiffie la présent entrait variable et conforme

316 3175 1900 218 à la minsette ce di comtenil sept cnt quatavingt quatre signé

316 3270 1902 213 aigmoni. Cttative signé Desille fils commid greffier du tribunal

1323 3345 889 166 ni hiacutte hiesson Greffoar du lin

1987 3421 223 90 redit acte
