2567 2479
687 4 244 42 av vis eit

629 128 10 71 8

688 9 476 132 à lundon affraci en

1012 77 188 59 300

2429 82 78 57 Aan

728 1 1772 215 jas eveux une autre maiton et appentt pret celle ce desnt qui

684 60 1827 255 faat auttreure de mense lur en tarrant non cunacda, je donna et lagie

2353 242 194 77 iIdat

687 169 1819 211 cette maiton et appaitit au entoyen gode froy en recosaistanne

2248 314 112 41 31

668 382 337 94 des sarvine

1077 323 526 108 uil ma rendul.

715 348 1827 187 e quand au rusplur des bient que je detaisserai je les donne et lea

690 458 1853 167 au dit ectoyen David que jinstitue mon légataire uivertel a le ch

690 521 1850 184 tout afoit de aemattre le tout au dit liidon affranchi de duation faite

1985 601 58 51 1

690 603 1772 182 de tous ses frait et depeutes d'après sa sur pla d'aclaration

745 709 1725 146 je nomina auste le ctoyen David moin Excmteur testamentaire.

734 793 1815 166 Ce futl uinse fait et Diaté pau la testatrice à nons notaires toitliy

695 882 1855 163 puis à elle par nont lu el acte qu'elle a dit bien entendre et y.

982 1030 156 56 11

699 976 1851 197 pertevaran au port nond ouast isle de france dans la dit pavillis.

697 1076 1854 156 an présenac du citeque jean thuraane militaise et jars niculet.

1930 1177 50 50 30

666 1178 1887 140 lauriset aussi mititairé témoins pour ce requit et appells le

683 1280 1867 122 les out haures du matin le quatorre vendemiairs au Sixieurt

697 1341 1853 145 la nepablique francaise une et indisisibla La testatrice à déca

684 1441 1859 141 ne prpoir cerre in ligner de ce enquite suivant lordonnance

694 1532 1853 128 tenmoins ont signés avec nous notaises ce testament fait eu bravel lu

699 1605 1841 127 miente ainsi nquit toureaue, La ccristet et dusand notaire avec

213 1801 10 61 1

664 1671 1872 146 paraptié au destant eot cont controlé au port nord isla de frus

191 1855 51 57 4

633 1782 1657 115 la via baunitie au lit ceu mille levet signe servier.

761 1852 1742 121 il ett ainsi au dit varsat oniginal de testament duensent signe

2437 1906 26 53 4e

671 1951 1777 121 paraphé et auvaré à la premiere minute de l'acte dont yJt

620 2035 1845 120 imet des autart partt le tout demaure a Boudeville luu desin

655 2129 1028 100 Vubsrqué ainti signé Boudesile

1686 2133 351 67 d

778 2181 1633 98 cet lezegistet par leai Etren tindalher hitse Greffe dul

925 2257 1230 93 ut un Eepedition dudit Ceatei avi fresent enteffet

909 2305 1109 99 Autoit M. C. Jsledfrance l Bausion au R

1442 2366 177 52 donxe

2142 2304 229 68 Buson

1202 2396 101 77 310
