3508 2021
515 19 2897 113 dujour Eudit vens pousoe quaiere sy au entaus virauts nes au de naitie deudit

519 93 2939 131 mariage ; et Jd y en avait et quils vinsent à d'endre en minonté or en meprité sans

512 193 2949 121 avoir eté pourveu par mariage ce fans avoie valablement disposi de luus Lecous laditte

514 286 2529 115 donation rependra mêne four le valeur cque lil ny eat panet au denfux

496 388 2939 107 cerione cepossement ente lesparter que dans luui ou la pelur vrendicit vendit

501 459 2823 137 Arédundre son que fans enfant dudit marian le feutur fen tome ee lui payen

490 571 2903 107 vanre éurant chaque cinme une peusion decus mille levur dane la mesindie

494 661 2723 112 qu aura cours tongue la present clane sera deveinue nesepisle dercntion

3362 720 20 49 —

263 755 76 74 32

483 738 919 109 Et pour Jaie muuete

1459 785 74 23 d

1919 756 471 77 d

705 879 175 52 34502

894 834 2474 128 Eerequutie per mes Araime tmancullee heisson guffia dutribun Davit

897 925 2504 155 Joussigné vier uni des minaten de du contrat de martage a moi

914 1021 656 97 greseini cent effet

896 1080 2486 131 au Port da nord dant Jle de fracqa le ouse Brunannan Six de la Roy

898 1246 98 46 2

1065 1175 363 130 une dI e

1419 1205 500 106 Busson

44 1304 370 134 restament

32 1429 418 113 dd ls nommée

522 1492 24 47 1

691 1410 2663 158 Parderant Ctii nout touis haers durand nstaise pullic à lisle de

549 1539 2893 137 nance bostique en présence des temoint ce apres noninins lul presente atoyenne

3356 1519 76 43 2

491 1624 2927 170 aavette fille de conleur affranchie du eitoyen haptitte noir Rpa demeurante en

505 1727 2250 179 cette ville aue de poissont ais cammp det quis letrat trousce

2829 1814 555 104 par nous dans

1665 1909 91 91 35
