2625 2479
75 236 2402 168 testament dacquels Lardevant ler notairos publies à Lite, de France et les bimeins an epres

147 389 189 82 tiaphenm

418 331 2088 120 noommée Souprqué fst present le Citoyn ale queftoir Trphemen Natef de Soutt, puroisa

418 399 2038 114 siont Sauveurr Vens en Cetle Jele sur le aavire Lemable Jndunne Commandé par s pur

428 471 2030 115 Doulle fils de pur rexphenme et de Suxanne ptelle, eyerent la perpifiuin de

280 542 43 154 3

362 594 45 171 1

421 538 2020 142 Romeliir et Colet Vitle Lequel étant Sen de Corpe et defprit mémonr et

437 610 2054 132 entendement arnnn quil est apparus auxdits Notaires et temoins Gesent denun l

436 691 2044 131 sis en un appartement donnant sur la aue du Seutier dépendant dun

433 758 2037 159 Eenplesmant appartenant au par pourtoin Megotient, dions la Vuë de la mart

442 827 2012 160 Ceagment d'u êlre péireus avant davoir mis ordous à Ses offaires à fait dut

453 886 1983 171 Puronnie le plesent Soi restamete ondonnans de duniees Volontér qu'il Veut et nterd

451 980 1663 164 che epdector après Sa Mort de la Moniere et aici qu'il suit

619 1089 1803 142 Déclan le Tutateur quil bient à loyer de la Citogenie Magon me

451 1162 1952 153 Nezaefe de Caste indne nommée Belagie, des Juvicer de le quelle il ent poutent ee

459 1245 2004 152 Satifait de pair une Ms ladie Louque et qeane de laquelle il est affrcté, peurques Vestate

465 1322 1961 148 Reequer Ladite Pelazie des peurs et Soins qu'ele s'ut domanau pres de

465 1407 1952 136 lai, de Charge Son eqécuteur Testeurentair y aprés nommes d'en four Requititon

459 1502 1986 110 de ladite pa Mayers au pix qu'il coviendice ane s; Sour les delunite

465 1570 1964 125 pix l duse Epar de faur bouter les demaiches aefaairede panr lui prordur te

1304 1660 40 50 124

450 1671 1799 97 faire Coufiue la Louté le Loluté qui lus doune d'ans le cndidenes

2298 1699 26 45 1

717 1751 1713 102 et quent au Lesplas de Ser bienr Ront ce qui sera noufrane a fi

479 1817 1935 112 de prelenter pour le Libesté de la nommé pélagie pulevé le Rectolur Cpelie

475 1897 1955 98 e Legue ale progeunne Marit Teaphence Vcliite de Baieur bourq du portat

471 1974 1849 97 Daniquon su Seur, Gernieme pour par elle Jouir du Ront de Zoute paprude

634 2030 1784 107 et pour epécuter le puseit Testament le Batileur à faitt et monné les personne

493 2111 1918 89 Su C^te Jaur Sel art dememant en Cette Velle a ue des pomplenon lex entre le

494 2167 1476 105 duquel Il Se deflaiet de tour ser biens Secvent la Centeme.

590 2254 1821 107 Ei fet ainex feert ft decte et avayé par le dit testateer à pailer yoer Bola

1304 2389 122 73 200
