3117 2479
904 1 2178 89 teegntéé par moi ttienne htancelle hussor Greffier du tribeneant dllse

858 68 2124 95 dee france soussigne vur Cepedites du du tament amci peeut rstefe

907 128 1467 93 autoit du leged dunt Jsla de seance la heut Bumaire an E

293 162 467 105 ait dadeption

2395 140 281 74 Buson

800 198 2285 150 pardevant les notaires publies a lisle de france soudstgne, fut presen

315 261 402 108 danne Josephe

786 260 33 85 4

847 272 181 48 AI

783 304 2288 144 citoyen jean lauristet militaire étant allache au cent touitrane reginsent

2298 302 35 79 4

265 351 493 117 par Jean Lamiset

785 399 1668 132 en parnison aù cette isla y demeurant t^t

1971 410 669 58 2 Dmit 8906 &30

2490 468 307 70 totomi

833 498 2237 167 Laquel a dit que la contantion nationale dans la Srance du vingt ainq

2516 520 146 54 A 870

710 622 2314 135 e janvier mil sept cant quatre vingt traise fiens ile), apais avoir

1548 611 958 56 d& 4

2582 604 73 72 30

761 713 2309 173 adopté au nonm de la nation le fille aniqué de michel le pelletien a

2509 723 68 48 1

761 862 2320 128 dacrâté que la doption cette belle institution déromains faroit derès narant

922 838 42 73 1

990 842 107 49 3ast

1291 816 378 64 37

1622 937 744 55 F184 ᵃ 52

761 953 2311 137 partie de la legislation francaiss et de suite la onvention à dargé

630 1038 445 89 30i p00r

1221 1039 281 54 28

753 1081 2319 113 lan avriité de legistatien de presenter le projet de decret dur

1214 1148 323 57 na f vout

1557 1144 590 65 d

749 1173 2322 151 ladoption et decrêt à sans doute eté présenté et le mode da daption

760 1256 661 68 8001 28

745 1300 2336 115 détermne mait il nest par aucone parsance de la matre pole en atte colois

892 1374 271 61 386152

746 1408 2322 139 Let chodes au cet étate le principes ayant dé déciêté le comparant

742 1472 616 71 sira snnd

739 1523 2339 148 agant toujours regardé anne posepté raurissil comme sa fille an lui

1275 1598 34 45 1

2400 1552 91 51 pur

741 1633 2337 140 donvant son nomvil a déclaré par ces presentes quil adopté pour la

2096 1641 489 66 II I 11273

747 1733 2330 133 fille le ditte anna josept touristée néc le vingt trois mars mil sept cent

2428 1754 111 46 3141

741 1844 2320 140 quatrevingt des voulant qu'elle soit réputée anne telle aur

2477 1849 69 72 5

736 1961 2327 155 yeux de la lui et quelle contenne de porter la nons de laurisset

1608 1952 615 80 d554Im

2564 1966 66 58 8

732 2078 2350 157 comme desanu le sien et quelle partage dans la succebbion comme

1555 2060 115 70 314I

1911 2068 433 68 3  fatez

734 2177 348 110 don enfant

1112 2193 1768 195 et coutéquemment sonn heritiere natuelle

1538 2176 43 61 d4

1524 2357 127 95 308
