2388 3508
454 70 1898 138 voutant qu'ils ovient réputés commé tels aua yeur de la lois, quill

434 169 1887 142 contennent à porter son nom devene le leur qu'ils partegent la

434 259 1916 136 succession comme ses anfants et couequenarant comme set heritiers natent

2265 331 62 66 1

489 354 1830 139 dont ade requit et detage pour vervir et valoir ce que de raiton.

452 444 1895 166 pour faise intiser ce prsentes au beione lera il est donne tout poussisan

446 596 308 95 porteur.

547 664 1782 121 Ce fut ainifait et pasté au double minutte au port nordauant

446 754 1877 124 isle de france eu letude en préseuce du cet. alexandra martant

450 855 1891 115 négoiant duveurant en cette ville et Jacques Charsat marchand

444 939 1906 121 demeurant aussi an cette dite ville temoins pour ce requit et appelle

456 1034 1898 113 en la ditte atude la vingt quatre thernmidut au cinquiense de le

463 1118 1876 127 republique francaise une et in divisille et ont, signé avec la dit

462 1212 1883 119 bertand et nou Nataires après tecture faite ainsi qu'il est dit

458 1301 1883 111 en la minute des présentes controllé le vingt sept du dit moit

475 1389 1862 119 pau sernier qui a necu deux cents lisres et demeure à durand

477 1477 1712 117 l'un des notairas boussignes ainti signé durand et Guarin.

586 1566 1688 106 Congistré pare Esomnme tanaltie haisoe Greffier duhibunat icvil delsle de fancé

590 1639 1341 95 tousigné sur una rapedition dadt acte anoi presentée aut effet

594 1699 1700 88 dntoit dunord ot bledifance le zuit fraitidor detau cenquience de la Repuque

604 1744 419 80 f^te n 4 mele

1393 1757 926 88 Vb qulde

120 1800 289 86 Contrat

1062 1781 168 54 Buson

1315 1765 24 53 1

161 1868 98 45 de

1419 1822 44 103 3

68 1880 417 84 mariage latre

633 1876 1686 111 don contrat de mariage rent par Detarine Notaire aParis qui en amisult et

76 1943 411 64 de les detrousebois

639 1944 1690 88 tou confin vou ladatte du vingt enq mais il sept ant couaute teise

54 2015 450 148 dacone deft manrie

541 1993 1780 144 Jean Jarques Baittand de lo rnotte sils majeur de defrent Jean Marcelli Mailted

512 2077 1823 142 de des combran, de touise magdelame de tronsseboir de l'aunay son épouse lppalle

514 2149 1382 133 Cent pour lui et enfon nom dene part t

1976 2194 61 86 1

2251 2169 57 72 3

539 2243 1769 119 onande cha votte trctoire Nigeard de mrinais dest mandie felle mantnt

647 2323 1663 120 de Joseph Bigeerd demrinaie deft manrice et de anne marie mitoire amede

647 2377 1633 125 Cariguer de ville fanche epous sepaie quant aux dient au du manrica ve

284 2447 1992 127 et authoisie pere et mer, laditte misiene ainstéé aut effet dufradé lepauvoin speur

302 2517 1957 133 Dᵃ dudu et maurier son peu ae dese meuu en pissonne dontre pait a été e

278 2582 564 87 de1 requi fuit

1017 2611 507 107 article Deux

1656 2638 351 51 d

2261 2601 39 53 14

508 2691 1792 132 Eu faveur du dit mariage ledit pel pour le dit desaine mauri

2177 2668 97 77 47

514 2761 1796 140 Constitrie en dit a la ditte Caflle et lui fait donnation de teutt les lioer

516 2843 1792 132 présent et avenir, du dit sant maurie sous la né dive tentefait de

269 2927 42 72 4

516 2903 1795 164 l'cnpeit et jouissance pendant de vie, de teut les dit biens, a litre

514 2989 1156 98 de constitat praciaise  821e

539 3081 1763 167 En favance du maine mariage la ditte femise de S^t maurioe, autorit

924 3051 1333 110 on articé d^mt

304 3149 150 90 E0

514 3174 1778 150 du dit pel, a domée et constttuc au dit, a la ditte fille un troussaan,

504 3264 1788 150 jublige de journic au dits dicus et dittes futiers épour la veille de

1245 3414 131 90 262
