2600 2479
2058 16 416 73 cent treisteme

476 59 1878 122 Libis et afffranchie ensitste la décer de Lui testateur par ses

513 151 1217 112 epédituis restaintadrès et après nommms.

1477 159 267 59 117pV 3

1307 254 91 44 1527

622 246 1931 116 Et afn quelle ne foit pant a charge a la Colonie il lut fat don

483 341 2054 125 et Lege de tout a qui de Trauvere ester en Sa Suression, péclivement

479 443 1058 114 fait des dons prticuliert ey Après

607 532 1957 111 Et pour éxéiter et accnepler la prusent son testament il nomme le

354 633 142 91 62

491 633 2053 117 Citoyen Voupt Offuier Vurtitlene le pitoyen Delemin Domiula au

345 727 14 74 1

458 720 33 89 d

1629 729 60 54 3

462 756 2081 110 ¬port Mord diest Lesquels el pir de Voulois S'en Chargen et ena

905 842 109 62 380

482 862 2053 102 prendre la pune et Eutre les mains decquels il se dissaisi de Tous

246 977 35 39 1

351 907 96 112 [AA

464 972 23 95 1

300 1053 165 54 32ᵃIE

494 961 2093 114 sis biens au terie de la poutunes pour en dispeser Conformement à

60 1101 163 105 DAS

267 1093 186 103 die.

493 1085 2083 96 ses intentions ct devsus slivoquant leus autret testeent ou cadiciles

384 1169 2078 124 Oitérieme au present auquel Siul il Farrete comme Contenant Ser

271 1284 186 90 dHre

490 1269 2043 133 demies Volontés et pour leur domne un temoignage de Sa Sates foitis

57 1389 400 74 a ris retia er

490 1388 2071 96 e de la poufrance quel a meu els la peu daccepter Sons letibu

68 1475 115 71 5aor

216 1465 212 95 2a0b

111 1590 356 68 laantet l ai

483 1505 2038 106 de Laiilie Chaine fent pattres efficlives Sur Sa Successivré dent

267 1652 121 109 Tt.

482 1627 1660 111 ils Se Suiseront eux mumis Sans autre formalites

1011 1688 111 66 57

1154 1705 33 35 3

1289 1684 88 56 50

2064 1698 82 52 425

37 1742 82 97 53

150 1747 69 103 52

402 1766 376 111 rele f^r

841 1727 1702 112 ainir fait dule et Nommi par ledit testatem a Jean

803 1793 310 57 1451454

241 1882 11 64 1

467 1831 2104 127 Dupliste Dombard Notaire publie en presenu det Citoyent peure

292 1965 45 133 4

369 1962 114 106 53.

478 1947 2075 131 Gadis Serzent D'eutitterie en Détachement au Mouliu à poudeu, et

468 2064 2069 121 Melel; Sannier Maihe poudeur audit etablicement temoinsà a

97 2177 109 62 aben

2504 2153 47 61 —

468 2151 2050 144 requis et cxprès appelles en presinu desquell le dit Vestament, ayont été

121 2253 26 89 4

1067 2257 102 60 dud

537 2299 22 71 8

457 2287 2108 112 le et relus un mot apeur l'oute audit testatum par ledit Ntair il

359 2360 25 94 8

621 2381 202 64 J2IA AE

913 2386 1018 91 ssiptér et lli Ses disie Jolnté

2077 2408 361 69 ansois aee à
