2650 2479
586 4 470 77 Signé servier.

877 39 1303 80 Eenegistire parr Greffedut moi Etrenne heaccutle hiesson Greffier du lcbe

888 99 1270 73 cins tressigéé sur uni expedition du du testament amoi renate

780 139 1396 92 de effatii Ausoit duttord acest Je defrance le penertremdos

888 203 976 83 au Seme de le Reger far une l ende Pusson

1275 298 102 51 3

285 341 250 74 lestament

637 325 1565 107 dan anqieme de la republique francaite une et Jndivitille

359 402 40 49 de

232 418 329 94 Je fe taosaté

608 398 1580 108 le vingt six praisiat neuf heuret et demie du matin dans un

601 466 1602 93 etablissement de létat sit prés du para a Bontett ou nout ne

177 530 26 58 3

431 605 124 54 610t

583 519 1620 103 Sommas Taprel transposté sur linvitation de Jean Francois le

597 594 1601 100 coste vitéran Employé En quatité de sous garde dartitterie

579 665 1634 111 eqèe de cisquante troit ans natif en picadie Evéelie de noyon.

480 745 65 73 502

607 775 29 40 40

648 758 1559 106 du étant et abtisté det temoins cy aprèt nommés par nout

604 827 1612 117 requis et appelies à deffant d'un de not confréres avont trouvé

596 910 1639 109 la dit Jean francoit le coiste gisbant sur son tit malade de

600 992 1603 102 corp mait Sain desprit mémoire et Entendement ainsi qu'il

603 1075 1622 105 nout ett apparie après diverses questions a lui faittes présence

608 1144 1105 81 des dits temoins.

2257 1097 14 127 1

486 1209 1708 114 du Lequel nout à dit qu'il est dans tentention de faire son

606 1291 1645 113 testament et ordonnance a dornière volonté pourquoi il nous

593 1360 1664 112 la dicté un mot après l'autre de la manière et ains qu'il suit

647 1444 1626 113 Je fait et Jnstitue Pouisiéréeutés met dernières, volontés lece

599 1527 1681 99 nicolat Hindort, apoticaise attache a l'hopital de la républiqe

599 1611 1684 100 le priant de mé rendre ce derisier service et d'accepter four

603 1688 1682 110 de donsageisent de set peiriet la somma de cent mille livre

601 1780 1349 105 papier monoye dont ye lui fait le lèg.

665 1874 1617 102 Ja déclare qu'en re con noissance det soint que ma donne

603 1940 1702 110 la nᵉ a délaide indienne agee de Seize à dix sept ans Je vent

2524 1988 84 55 1n81

601 2025 1704 116 quelle soit affranchie de la Servitude, Jouisse det prérogation

2352 2019 58 78 1

603 2092 1693 118 altachées aus pertonset librit et pour quelle ne soit à lea

604 2170 1707 142 charge de pertonne ny de la cotonie se la fait et qubtitute

2148 2348 36 49 3

2599 82 48 65 d

2605 242 43 55 a

2603 443 40 81 4

2612 526 29 56 c

2629 604 9 46 4

2565 1597 28 69 4

2564 1487 48 85 1
