2525 2483
694 509 1802 187 Curdevant Eer Notaires Publie a Lest de France dominti

1 726 261 89 estament

324 616 2167 174 au Conton des pomplemousses esvistés dis temoiise ey afruc Nommeti

124 782 167 124 Dolin

321 710 2181 163 Souvignes. fut Present Pitoyen Antoine dorlin ehef de la Fabaigne du Monr

317 787 2180 160 et poudie Deneurant audit Etablissement ou ledit Notaire et Renoins Se cuu

304 869 2174 193 lapeur transportes à sa eequisition lequel étant dans Son Lit Malade

273 966 2151 165 de Crépe mais sun desprit Memaire et Entendement a imoi qu'il en a

311 1060 2169 156 apparee aux dits Notaire et Temoins par Ses paroles et Aitions et Voulud

303 1165 2161 131 Mettre ordru à Set afaues, à fait dicté et Nomme le présent son Vestament

311 1271 2157 136 et ordonnonce de dmiure Volonté quil Veut et entend che exteuté après de

302 1401 193 80 Mort.

458 1419 1995 137 Vuit et inteud le restateur que Set dettet Sil S'en Troure aprr

303 1557 1954 120 Sa mort Soient pajes et acquittés avant toutet autres dpositions.

404 1645 2045 111 Le Restateur declare quil ne connait aucun parent étant dans ce pass

300 1739 2140 121 de quis quartité Cinn aus et que los de Son depart de France pour de

299 1840 2148 96 rendu cci il navait ny pue un Mere ni freres ny Saauxs epistants son

307 1921 2149 123 gntration est dont de Auom peuser les Sesvües que Sa Domestique lui a

304 2019 2132 117 dendu depuit Lonquet années et particulierement les Soins qu'elle lus donne

320 2099 2116 123 pendant Sa maladie Actuelle enconocquence Vent et entend le Testateur, que le

300 2187 2114 142 Nommiée Jeanne Nequsse Jndimne Sou Loclaie age de Tronte hois ain soit
