2479 2925
466 1 1918 80 Pardevant tes notaires dubliet a lible de france

430 47 2001 149 Soussignés, fut présent, Pierre thomat, Entrépreneur

434 152 2009 140 de Batement, Demeurant en cette ville du port nord

429 260 1442 102 ou et en la maison rine nationaté

455 359 2009 138 lequel etant en parfaite Santé, Sain d'esptit, memo

438 471 2006 110 et jugement, ainti qu'il ett apparie aux notaires

1856 450 83 63 251

429 575 2035 133 Joubsignés, et la dit et déclare, approuser et

1716 550 341 65 14 42mrie 7

435 682 1987 146 confirmer par le pretent, son testansent veeu par

437 794 2019 130 Bétin l'an deberotaires Soussignes, et doinand notaise

440 897 2025 128 le vingt quatre novembre mil sept cent quatre vingt

438 986 2029 133 douze vieux Itile, et y ajoutant declare par le présent

926 971 39 44 30

438 1100 1995 133 affranchir en cas de son décet, le Nomme lindor

807 1059 316 60 504st 28824

1495 1077 31 47 11

437 1212 2011 125 endien, agèe de vingt ans enveron noir domettigne

432 1308 2025 115 Pérraquier son ébelavé, en reconnoissance, de set Bont et

432 1402 2037 115 idétes servicer ; priant son érécuteur testamantaire de

437 1514 2033 117 faire le nécéssaire pour faire confirmer son affranchittumen

1222 1490 88 48 11

1511 1495 407 52 er alau porden

445 1610 2022 114 et pour éviter le dit lendor d'être à charge à la cotonse

453 1696 1993 137 le dit Codiciliant lui donne et legue la domme de

456 1805 1497 138 tois mille livre une foit payel n o

1645 1878 107 41 450

559 1901 1911 133 Ce fut ainté fait et dicté mot à mol, à Jean Bélie

450 2011 2014 127 et Jacquet Bars revièremotaires Publies Soussignés par

87 2175 374 106 tauitat son

460 2115 2009 130 le dit codiciliant, auquel le présent a été lu et rela

91 2265 260 112 d'écès

458 2218 2014 135 un mot après, lautre, à déctaré bien tentandre qu'e

463 2320 2004 127 y perbitte et vent yeclüi être exécuté selon sa fon

458 2432 1375 98 et temeure   5 17I9 110

492 2512 1975 125 fait et pasté en nii seute minité à la requisition

468 2606 1989 161 du dit Thomat qui s'est à cet effet exprès transporté
