2567 2479
1955 38 583 70 quatre vingt disneufiena

480 89 1982 101 Notaire publie Diniverant en Cette Velle rme de l'hipilal, de Citoyn Thomos diges

479 172 2023 106 det Levrange Cuisinier Deneurant en felle Vicce me du Seutiir et au Citigen Jaie

478 257 2015 103 Lepompte Maitre perrquice Demeurant en Cetle Ville ace de le pelite Montogne

475 336 2032 108 Temains pour ce requis a'ax pres appelles en prefence duquels le present testement

476 414 1997 110 ayant ité le et elée ini mot après l'autre et a declard y perfestie et ehe

475 488 2012 120 ses demieres Velontés, fait et pusser en Brivet a lu requssition du Restateer à

469 563 2034 122 Coté de Son Lit, poutt du Mor aurt Jsle de France le Aridi de la preunire dun de

479 666 2030 135 de pluviare de Lor Cing de la dépublique francasie une et Jndidiseble

476 750 2042 108 avant la moitie du jour et le Tstateur à Signé avea les temoins et le notare

483 831 2019 126 Signéa Tenpheme Loaisnge, Locusnge Lecompte et Bula. En Mange est cent

483 903 2030 154 Contralté au port noid Ouest Jsle de Frnce E cy Veutore an 5e eeuu deux

485 1045 671 109 Cents Livres Signé Servicer

679 1068 1754 163 langistié par mos Greffiar duhibien ccet de lle de france soussigné nr

712 1159 1790 163 longnial dadu tesament a moi renns a et effet antoit du nord dent Jsle

719 1258 1391 168 defranc be 19. Ventore au fe de le Regé fer unesi andᵉ

2014 1323 242 84 Buson

1623 1519 38 52 1

803 1532 122 72 des

509 1619 389 58 22 262.

975 1508 1494 185 les noteuires publies a Lesle de France et les Temainne

1377 1598 1148 131 enx frasnçois Louis flaudissolle mair

749 1655 196 77 adenn

912 1714 70 46 340

555 1696 189 80 Pa

865 1688 424 121 y pafent les

1752 1776 321 59 de E o

103 1736 262 86 letament

945 1798 15 66 4

322 1777 592 100 dd Sonfalgnéd f^r

195 1820 58 68 de

759 1685 1733 229 sur lu faigaté de la République la Cibelle, Logé entantrement

135 1860 52 80 Coiû

475 1868 313 113 emplozé

184 1870 267 89 Loum pn

2350 1934 18 40 3

1781 1867 750 107 gement ansi que decap Selant

1005 1952 62 71 2.22

97 1940 691 117 Chaue Solles en ce port.

859 1936 1170 136 dit Soite desprit mémoire e pd^1

1825 1954 714 109 la poent de preudiu la Mit

330 2063 31 60 3

603 2035 306 107 Lequel

1854 2046 692 103 lui appartient en Celle Coln

1066 2013 1006 136 dudet Notaire, et étant Sur a  ree

2024 2127 48 50 4

821 2089 212 100 Letuide

1315 2101 685 120 d'efporer de ce qui a

337 2166 97 59 3

469 2152 350 95 Eranperté en

1314 2195 226 60 c lfe

996 2149 312 108 dEnement

1561 2156 613 124 Tistoment Comme Seut

1146 2237 406 80 la pesent son

1000 2279 120 69 paont

1612 2224 872 131 Macdere d'intentant u Cete ville

1244 2287 278 63 Ln ht

1095 2301 113 62 dde

246 2330 210 67 DI e

475 2298 517 130 à feut duuté S

1198 2320 371 120 etazenne Venu

1399 2346 448 73 ubosen rann

285 2407 172 70 2A &0

519 2386 55 84 4

1390 2317 1102 160 ointements qui pouriont Se Trone Aslctre

682 2366 413 111 doinne et Legue
