2517 2479
764 1 1660 121 Degnat reuc arpsdetians dudit cantrat de mariagee mai

1581 2 886 55 s da fusis bousigne daare

767 101 249 134 faitidon

1022 165 1300 100 au cenquieme de la republéqua francaise.

1041 75 1350 130 prétanté à cet effet au Port n. o le deux S

501 298 1475 166 Vardivant les nataires publics a liste de France

1881 250 244 76 Butnon

443 429 2046 137 près ont citoyen thomat Bertau dit laimabla, marchand condonnier

945 407 34 51 3

2011 398 435 96 Volutnignes fut

442 539 2039 127 demeurant en atte ville siur la chaustée du rempart dans une

447 645 1203 112 maiten dont il cot proprictaire

530 756 1952 124 Lequel a dit que la cousention nationale, dans lae déance

440 871 2042 95 du vingt anq janvier mil sept cent quatrevingt tacize vieux sils

826 873 37 42 31

443 959 2047 135 après aveir a dopté au noin de la natioe la fitte uni que de michel

443 1064 2020 136 lepettatier à décrété que l'adoptatien, cette belle institation des romains

771 1046 58 59 1

435 1180 2032 129 fervit dernavant partie de la legistatiere francaite, et desiite la

1407 1163 51 68 4

435 1286 2028 118 conveutien à chargen son conmité de legislation de presenter le projat

436 1382 2046 127 de decret, our la deptatien, ce detsnt a dans donts été presentet et le

1261 1366 299 47 32 pa

1638 1375 16 43 1

431 1466 2039 143 made da duptation détermene mait il n'est, par enise parvene de la

435 1587 961 124 motropole en cette colonie.

783 1589 93 55 14e

475 1678 1974 134 les cholet en cet état se principe ayant été décnété, le comparant

428 1772 2032 142 ayant toujours regardé comme des enfant et trétét commé telo en leur

421 1882 2045 110 dan inant don nom les nomnmés charles thonmas Berland et nmolas

425 1979 2047 135 thomas Bertand, a decare par cet presentet qu'il adyte pour

431 2080 2043 124 ses anfants les dits chartes thaimas Bertand ne en cette clauis isle

436 2195 2036 115 le dix Tept septembhre mil cept con quatre vingt cinq et nicolas¬

425 2305 2047 103 tomas Bertand ne la dix mart mil sept cent quatre vingt quaaire

1363 2389 153 73 261
