2667 2479
2088 1 398 36 it

95 110 275 84 testament

541 55 2075 136 tardivant le Notaire public et les temoins ci aprés dendmmes ee oussigne

196 177 40 77 3

70 132 2526 188 Marie Magdelou dans une chambre dun appenti depeudant de létablissement du ces Colun

552 228 2079 136 emorlede Sei aulieu du la gruande revere pies cette ville du Poit nordanu

63 314 500 177 Mlachoir negamlitre

508 308 2105 158 fat pasente la nommmée marie magselon Vellachoire titoyenne libir

522 407 2118 132 malade decoys San être alitie, mais saime despier entendement en memet

366 464 2259 180 18 ainsi que par su déscours es entietiens ell adenné lien dén jagee aux dit

450 560 2171 165 à Notaie et temoins Soussigné, mais envet de la moit e rauant d'en

522 647 2138 149 de tuyuie faur avoir mis oidre à sec affaire afai ei decte soutulement

515 735 1979 135 et ordonnance ledermare volonté de la manaie et ainsiqéit suit

508 807 2136 168 Jeveuy quetoirs mes biens rnque quels quissent consistir dons la Plonce

513 904 2142 155 hant remis apès mamort an Cet Jean Dapteste Colii jnvateee que

506 984 2122 164 jenstitiue mon legalane univesset. Veni jviny qui seur ls bcenr

506 1088 2094 163 qui mappartienent i soie pur les sommée nuistaires pour porvciece

506 1162 2115 186 alaffranchissement du noir roiné bonioie qui mapparteut ee agné

502 1269 2137 152 veulun cue la lebenti soit reccndt uy lesceptant perconnquent des

439 1475 29 50 8

500 1364 2131 142 bieur quese luinerai apès mondcer, ten qocux quélar les biune

504 1466 2153 138 dueje lase au fet colin cedener son leuu de fain apprendre an matte

506 1561 2115 153 au nommé Bouiveur ce de lui remellie ae majonté une somme de

1686 1660 78 64 4t

505 1710 479 101 tieit mulle Levur

506 1707 2068 164 Jea je pui ledu Ces Colai que ye nomme par légésent, mon

494 1800 2161 162 Exiutreer testamentaiie de pendre soin de cipienr noir nommé bone

494 1900 2163 153 redeit garder chet lui, emonsiquence, je me de sains entre les man

504 2006 2146 143 de mondie let toler detour mer bieus fuivont la Patune ; revaqen

497 2101 2134 142 toui autur testaments et codicilés quip pourrair acoû feie avant le

2246 2193 10 71 1

497 2228 1145 135 pasen leque est maan Veoute

501 2273 2138 159 Céfut anii fau ceduté par laditte testatuce audit Motaiie Jean Ceijls

1407 2381 1206 96 aille lu ce relie, un niot luis apprs
