3508 2338
813 49 1794 123 et insailtioin, aia notairet et temoins souvegnes

1045 74 54 50 32

1161 67 95 51 27

688 172 178 72 AI 130

1920 125 605 73 cot rvogfleave siaet

908 149 849 119 Laquél de dut de méit

1783 148 1675 100 cracqaant det etix prevenne fais avoir dispond

836 231 2653 122 ses dernieres volonsés a fuit, disé et cionsita son vestansent de dit eetere

523 326 2609 137 de le luis presain det teusoint vt riortrit, et cis le menière qui suit.

941 457 2547 127 anisement de prant le testateur accompenseer le nonme becten mae

1594 440 93 83 da

2141 423 236 90 3 andr

767 568 2717 91 sl coe de ainqnant enderon, son esctava, enaitene, vonant pas prever tout

750 678 2735 85 eett sin apouse dit serviet qui peut lui rondan jet qui vait lui ctie

498 740 2989 164 dazd vre daise encore qualqeter, dent on conséqiente antend t ondotmep

838 854 2642 147 duc huit neit a compter du pur da sun deset, la dit hactur viir aaniels e tonte

851 930 2624 176 darvite des qearaliment quelaariquet et Jouissa de tous les pis sequs et prereqatin

847 1048 2624 161 dtactses à la condition dtonnme tbris que les frait nesenet port parveuu

1617 1035 7 45 1

3018 1002 108 43 dMa

3216 1010 191 56 144

2996 1088 474 68 P

556 1148 36 108 2

696 1128 1773 148 avett le confirmation de la liberté, borent pret et

689 1246 2734 168 se cqueise sommma de trois mille leures, arquat monue lant cours, ja il lur

2256 1267 251 61 1

2510 1240 53 42 14

2637 1236 826 91 dar le suecesiios ainti

428 1310 57 113 3

853 1358 2609 155 donnet et loyet pou quil un peura i actmqn eetoe lequela seanse de

1329 1322 331 62 3072 v e

657 1483 231 70 440s aut

858 1457 2607 175 trois melle levnt lui lase compters le delan tiqne la le vente sus dex confoun.

952 1569 2511 175 treveuu le dit testateur de lallachement qua la entepnnsa vaaux de sarise le v

378 1628 170 85 Cngion

597 1649 2855 200 eeconuca pour le nommes victarene, creste aque da anyans, antuillannt etot ellepe

2698 1619 316 66 45 F53

640 1727 2813 239 non auttornse la ditte cetoyeina se lunc à gardon deuxe e le le d'ut aequêssée, pai

860 1832 1279 151 au qui et disprser cntente par sisi

762 1901 157 68 ADA T

957 1924 110 51 2D

860 1966 2580 195 ducression dans laspari de por aus à compter du que du drcis du dit festate

1930 1961 25 47 1

2202 1947 1250 122 e la atsarge par elli da racnipla a

861 2063 2578 220 la ente ontarins par un quene unt enpor ceusambiqne où enalgaaté de lig

459 2119 46 77 1

632 2082 178 111 dare

865 2147 855 137 da douze quator aus

1138 2143 270 65 Fr

645 2188 182 104 22

889 2226 446 78 io proro

962 2267 68 58 e

1051 2273 148 61 pou
