2867 2479
515 1 1081 122 duvir prensure ledev dont fagn

518 1 2225 194 per langet heuisier lepreman den man et pe cver aveudu qoqueae

508 77 2273 198 hauu ponie tes ye ledit huintert en pusoeie pour lei nan cempare

512 145 2269 214 ja donné défant et lur la réguisition exprei de la comparante, jai prour

505 228 2315 216 au nom de la lai que le maicasse qui a existé enta pruvés Etienne humber

501 327 2315 175 et serrine honorée Cstainme tollet est dessouse Lont enprésenie de

490 399 2326 193 facques Pierre hullard agent de chainge demeurant en ce poit rui de le

484 471 2323 199 cndirie, Charles Pierre harrel marisn d miasent ence port me dle la

505 570 2309 198 pelite montae Auqustis Mmailt la bitant de mécerant, en ceport

454 659 2344 193 rue natrionale et tharter didur, saint amans officiee de port

1835 743 981 157 témoinrs et majenr dant

489 807 1319 146 demearant rme de la cenderie tour quatre

487 859 2326 151 aite et ont signé ainsi sioni hâche afficcie public anstame collet

479 942 2348 155 hallate, A. Brantt, Pe Forsit et Ei Didies samarie. collateoie

482 1027 2327 182 signi trache affe pur. pur ban est ceru, controllé au Poit R.d. le

483 1132 2209 148 muf fuutdor au ft Re deu cents levir tegni marchendize

951 1232 700 58 .A 4448ᵃI 2518

803 1216 1996 146 Enregistre pair moi Etienne hiaceutte vussoa Greffien du

483 1346 43 51 2

578 1318 226 86 d abIr

1927 1313 333 60 DN  82194

664 1385 35 74 5

770 1309 2050 153 dibunat unt de Ali defrance Russigné vur une expedeteue,

646 1415 1796 119 di dudit cele de dinur à mii peenté à cet effel

577 1552 165 95 346

810 1506 2008 135 autort du nord dant Mledefrance le ouse Jartedon lelau ceng det

1927 1586 120 62 38

37 1620 329 94 Donation

815 1614 536 77 famais uni it n

137 1693 123 107 par

799 1674 538 87 22

1446 1634 306 69 Bussi

1753 1687 691 82 depe end

20 1757 462 98 noud Lamarie

676 1754 477 96 111

1544 1779 635 81 14d

471 1809 2369 98 Dardevant les notaises publlecs a llade fance Joussiance fut pedrent le cir Veut

1 1877 416 124 Louson Jafelle

1205 1888 205 64 34

1775 1893 418 80 RAr 55

2718 1867 104 73 32

469 1921 1049 103 La marre demeurant en cette ville.

772 1992 14 39 1

1182 1969 1235 72 onan esla ipenrer et lvaz aue ze

454 2030 2349 85 Lequel attendu son quend age et voutant donner a lilavmnne Loisor ereute

1155 2078 758 73 tfladavot Burion

1950 2089 314 75 A 7724

2336 2090 91 88 29

524 2125 2286 132 fille llu peuvre de son amitis afai donation entrevefs et irrevocable le

1558 2196 37 116 1

2127 2214 73 113 d

1337 2386 146 91 286
