2883 2479
706 9 1809 114 a moi presenté à cet effit au Port du Mord acnst Jile néuvrémé

2250 9 566 63 duxgeents, cenquante

705 86 2038 160 efrance le vingt ny Vendeuaur an sexieme de la Reper sr un Reene

1820 166 262 109 Bresson

690 214 632 149 huix moli rages mils

1111 396 117 65 1

1096 446 157 53 di 1

1309 437 232 67 33

1812 418 61 91 10

1914 418 148 83 3

1202 559 186 64 d2

66 612 332 101 testament

472 531 2303 158 Pardevant le notaire public à lisle de France et les tavins cy

119 706 122 95 de

484 706 2321 117 après nommes doussignes, fut presente, La atoyenne helene Poutre, veuve

8 798 427 150 Ea Veuve Danigo

888 822 11 70 1

922 818 78 60 3

482 827 2252 121 Sans enfant de de fent danigr, gissanté sur un lit dit en un appartement

487 936 2294 110 aa gauche en entrant, dependant d'une maison prscipale faibant le coinn

720 1020 18 63 1

957 1002 11 73 9

473 1061 2266 99 de la rüe du puit et de legent, malade de corps, mais néammoins sane

480 1178 2305 123 desprit, mémoire et enteudement ainsi qu'il ett apparu aux dits notaires

1403 1254 161 64 127

1637 1245 318 67 3

482 1287 2326 105 et témoins; La quelle dans la vue de la mort, craingnant den être prevenne avant

1320 1364 115 88 30

1439 1370 264 77 24

455 1395 2356 122 danir mit ondue à ses affaires ; a fait dicte et nomme le plesent son testemen

469 1503 2305 120 et ordonnance de dernerer volontés quelle vaut et entend être exécute après la

476 1605 1864 120 mort de la rnmaniere et ainst qu'il suit2

928 1684 184 55 31441

508 1720 2300 119 veut et entend la testatrre que les hardet Linges et autret effetr à son

714 1817 117 61 1

1213 1817 19 56 1

475 1827 2330 132 utage personnel brsent envoyet en france autant que faire se poura et adresses a

841 1910 314 89 i

1165 1892 463 118 11

461 1966 607 120 da faimelle cnicon

1340 1961 982 136 mt, ata Nddé aVcns

2435 2031 373 107 l'hoprtel

420 2038 1996 143 de Declare La Notaia, quellé a prête au citoyen offinane prêtre de

505 2141 161 52 3236

2432 2162 368 82 une paire de

480 2138 1934 155 une tabatiere en oide Signé ronde, ave paire de bontont de manche

486 2222 2337 172 boucles de jaratieras vet une pouclé de cel de mêne metal ainti que lix consart dargentt

1508 2305 146 59 8 43

586 2371 62 72 d2

498 2331 2272 141 t uue acoutre dor avec la chame de mêmé inétal, quelle prie son exicuteur

1816 2407 210 59 1300

2101 2397 35 66 5
