<?xml version="1.0" encoding="UTF-8"?>
<alto xmlns:xsi="http://www.w3.org/2001/XMLSchema-instance"
      xmlns="http://www.loc.gov/standards/alto/ns-v4#"
      xsi:schemaLocation="http://www.loc.gov/standards/alto/ns-v4# http://www.loc.gov/standards/alto/v4/alto-4-2.xsd">
  <Description>
    <MeasurementUnit>pixel</MeasurementUnit>
    <sourceImageInformation>
      <fileName>JK13_3.pdf_page_59.png</fileName>
      <fileIdentifier>pdf//JK13_3.pdf</fileIdentifier>
    </sourceImageInformation>
  </Description>
  <Tags>
    <OtherTag ID="BT7" LABEL="CustomZone" DESCRIPTION="block type CustomZone"/><OtherTag ID="BT8" LABEL="DamageZone" DESCRIPTION="block type DamageZone"/><OtherTag ID="BT11" LABEL="GraphicZone" DESCRIPTION="block type GraphicZone"/><OtherTag ID="BT12" LABEL="MainZone" DESCRIPTION="block type MainZone"/><OtherTag ID="BT13" LABEL="MarginTextZone" DESCRIPTION="block type MarginTextZone"/><OtherTag ID="BT15" LABEL="NumberingZone" DESCRIPTION="block type NumberingZone"/><OtherTag ID="BT17" LABEL="QuireMarksZone" DESCRIPTION="block type QuireMarksZone"/><OtherTag ID="BT483" LABEL="CustomZone:closer" DESCRIPTION="block type CustomZone:closer"/><OtherTag ID="BT484" LABEL="CustomZone:paraph" DESCRIPTION="block type CustomZone:paraph"/><OtherTag ID="BT485" LABEL="DigitizationArtefactZone:fingers" DESCRIPTION="block type DigitizationArtefactZone:fingers"/><OtherTag ID="BT486" LABEL="NumberingZone:document" DESCRIPTION="block type NumberingZone:document"/><OtherTag ID="BT487" LABEL="NumberingZone:folio" DESCRIPTION="block type NumberingZone:folio"/><OtherTag ID="BT488" LABEL="NumberingZone:page" DESCRIPTION="block type NumberingZone:page"/><OtherTag ID="BT489" LABEL="text" DESCRIPTION="block type text"/>
    <OtherTag ID="LT8" LABEL="DefaultLine" DESCRIPTION="line type DefaultLine"/><OtherTag ID="LT10" LABEL="HeadingLine" DESCRIPTION="line type HeadingLine"/><OtherTag ID="LT11" LABEL="InterlinearLine" DESCRIPTION="line type InterlinearLine"/><OtherTag ID="LT325" LABEL="default" DESCRIPTION="line type default"/>
  </Tags>
  <Layout>
    <Page WIDTH="2029"
          HEIGHT="3508"
          PHYSICAL_IMG_NR="58"
          ID="eSc_dummypage_">
      <PrintSpace HPOS="0"
                  VPOS="0"
                  WIDTH="2029"
                  HEIGHT="3508">
        <TextBlock HPOS="0"
                   VPOS="0"
                   WIDTH="1997"
                   HEIGHT="3506"
                   ID="eSc_textblock_00a65362"
                   TAGREFS="BT489">
          <Shape><Polygon POINTS="1309 0 1904 15 1982 179 1966 1229 1997 1292 1974 1333 1966 2009 1990 2065 1997 2539 1982 2679 1951 2705 1997 2798 1982 3170 1919 3256 1687 3295 1646 3389 1584 3420 1027 3428 994 3453 1001 3498 962 3506 808 3498 871 3476 799 3459 93 3443 54 3404 31 2650 54 2619 239 2634 265 2595 38 2477 23 2182 257 2120 216 2095 46 2095 23 2063 15 1387 46 1309 13 1128 0 1159 23 910 0 210 194 163 286 179 374 31 1266 31 1309 0"/></Shape>
          <TextLine ID="eSc_line_438e78c0"
                    TAGREFS="LT325"
                    BASELINE="1323 31 1606 13" 
                    HPOS="1321"
                    VPOS="1"
                    WIDTH="285"
                    HEIGHT="43">
            <Shape><Polygon POINTS="1594 7 1574 7 1555 5 1535 5 1516 5 1496 5 1477 5 1457 3 1438 3 1418 3 1399 3 1379 1 1360 1 1340 1 1321 1 1323 31 1323 44 1606 35 1606 13 1604 7 1594 7"/></Shape>
	    <String CONTENT="deux cent ques"
                    HPOS="1321"
                    VPOS="1"
                    WIDTH="285"
                    HEIGHT="43"
                    WC="0.9897761046886444"></String>
          </TextLine>
          <TextLine ID="eSc_line_5a1de065"
                    TAGREFS="LT325"
                    BASELINE="354 111 691 93 1214 103 1910 52" 
                    HPOS="350"
                    VPOS="13"
                    WIDTH="1560"
                    HEIGHT="131">
            <Shape><Polygon POINTS="1894 19 1880 13 1878 13 1876 13 1875 13 1843 25 1839 29 1524 40 1471 33 1459 31 1457 31 1455 31 1452 33 1428 44 1413 37 1411 37 1409 37 1194 54 1151 40 1149 40 1148 40 1054 44 1044 38 1034 33 1033 33 1031 33 1029 33 1027 33 1013 40 986 54 958 40 937 31 933 31 914 31 894 31 880 31 358 50 350 66 354 111 354 144 450 124 639 118 715 128 717 128 826 111 908 118 910 118 912 118 951 109 970 118 980 122 982 122 984 122 986 122 988 122 994 116 1003 111 1011 116 1031 128 1033 128 1034 128 1036 128 1286 122 1397 107 1479 114 1481 114 1483 114 1555 91 1590 79 1607 89 1641 107 1643 107 1645 107 1717 105 1719 105 1802 79 1812 76 1910 74 1910 52 1908 31 1894 19"/></Shape>
	    <String CONTENT="Pardevant Ntaie Piublied a tole de Jraiise dainignés, far present"
                    HPOS="350"
                    VPOS="13"
                    WIDTH="1560"
                    HEIGHT="131"
                    WC="0.9237989771824616"></String>
          </TextLine>
          <TextLine ID="eSc_line_45e467a8"
                    TAGREFS="LT325"
                    BASELINE="535 134 590 134" 
                    HPOS="535"
                    VPOS="103"
                    WIDTH="55"
                    HEIGHT="56">
            <Shape><Polygon POINTS="535 134 535 159 590 159 590 134 588 103 535 105 535 134"/></Shape>
	    <String CONTENT="Dao"
                    HPOS="535"
                    VPOS="103"
                    WIDTH="55"
                    HEIGHT="56"
                    WC="0.8474963108698527"></String>
          </TextLine>
          <TextLine ID="eSc_line_b89382df"
                    TAGREFS="LT325"
                    BASELINE="331 175 787 157 1200 165 1763 132" 
                    HPOS="327"
                    VPOS="85"
                    WIDTH="1436"
                    HEIGHT="129">
            <Shape><Polygon POINTS="331 175 331 214 389 214 389 212 391 212 397 210 448 187 654 183 670 192 672 192 674 192 676 192 678 192 680 192 695 179 855 175 918 187 943 190 945 190 947 190 958 185 968 181 1001 183 1079 189 1081 189 1761 148 1763 132 1758 103 1668 103 1604 85 1602 85 1600 85 1598 85 1543 107 1537 109 1531 107 1508 99 1506 99 1504 99 1502 99 1500 99 1485 109 1479 113 1395 113 1391 111 1374 97 1372 97 1370 97 1368 97 1282 113 1249 120 1101 122 1085 116 1048 105 1046 105 1044 105 972 120 960 122 957 120 931 109 929 109 927 109 925 109 923 109 908 122 906 122 900 122 834 113 832 113 764 124 740 114 738 114 736 114 629 118 627 118 625 118 625 120 615 128 602 142 497 142 479 132 469 124 467 124 465 124 463 124 327 134 331 175"/></Shape>
	    <String CONTENT="revoge conse négpédent de cette celonis de nentant au part nord oucot"
                    HPOS="327"
                    VPOS="85"
                    WIDTH="1436"
                    HEIGHT="129"
                    WC="0.9507827750150708"></String>
          </TextLine>
          <TextLine ID="eSc_line_8609578e"
                    TAGREFS="LT325"
                    BASELINE="650 198 838 198" 
                    HPOS="650"
                    VPOS="167"
                    WIDTH="188"
                    HEIGHT="55">
            <Shape><Polygon POINTS="650 198 650 222 838 216 838 198 838 169 650 167 650 198"/></Shape>
	    <String CONTENT="8 8"
                    HPOS="650"
                    VPOS="167"
                    WIDTH="188"
                    HEIGHT="55"
                    WC="0.9999318917592367"></String>
          </TextLine>
          <TextLine ID="eSc_line_76c8ff9a"
                    TAGREFS="LT325"
                    BASELINE="29 266 222 226" 
                    HPOS="15"
                    VPOS="165"
                    WIDTH="211"
                    HEIGHT="133">
            <Shape><Polygon POINTS="167 169 148 173 128 177 122 177 120 181 114 185 105 185 101 183 91 187 72 190 52 196 35 200 15 204 29 266 38 298 64 280 226 255 222 226 206 165 175 165 167 169"/></Shape>
	    <String CONTENT="Donaate"
                    HPOS="15"
                    VPOS="165"
                    WIDTH="211"
                    HEIGHT="133"
                    WC="0.6536495621715274"></String>
          </TextLine>
          <TextLine ID="eSc_line_7d04340f"
                    TAGREFS="LT325"
                    BASELINE="358 241 1233 231 1962 183" 
                    HPOS="356"
                    VPOS="140"
                    WIDTH="1606"
                    HEIGHT="136">
            <Shape><Polygon POINTS="1335 157 1198 183 1173 173 1171 173 1169 173 1167 173 1165 173 1153 185 1128 171 1126 171 1124 171 1122 171 1081 187 875 173 873 173 840 175 838 175 836 175 834 175 824 200 804 200 785 200 765 200 746 200 734 200 664 202 643 202 530 185 528 185 485 187 483 187 481 187 450 208 395 198 393 198 391 198 356 212 358 241 358 276 436 274 438 274 475 255 670 255 719 263 742 266 744 266 795 259 902 243 929 253 939 257 941 257 943 257 945 257 947 257 953 253 970 241 1009 249 1044 257 1046 257 1327 247 1329 247 1331 247 1344 235 1350 229 1362 233 1379 241 1381 241 1383 241 1473 229 1477 229 1479 229 1602 237 1604 237 1606 237 1607 237 1627 222 1631 218 1960 206 1962 183 1956 157 1896 159 1892 159 1849 140 1847 140 1845 140 1736 165 1730 165 1726 165 1682 146 1680 146 1678 146 1676 146 1674 146 1646 167 1645 167 1535 152 1533 152 1531 152 1446 175 1442 175 1438 175 1344 157 1335 157"/></Shape>
	    <String CONTENT="Lequel a par ces presentit jait donsatidit entredes méssiatle, en la meilleure"
                    HPOS="356"
                    VPOS="140"
                    WIDTH="1606"
                    HEIGHT="136"
                    WC="0.9683022464697177"></String>
          </TextLine>
          <TextLine ID="eSc_line_f7c9cdbe"
                    TAGREFS="LT325"
                    BASELINE="35 323 44 323" 
                    HPOS="35"
                    VPOS="300"
                    WIDTH="9"
                    HEIGHT="50">
            <Shape><Polygon POINTS="35 323 35 348 42 350 44 323 44 300 35 300 35 323"/></Shape>
	    <String CONTENT="9"
                    HPOS="35"
                    VPOS="300"
                    WIDTH="9"
                    HEIGHT="50"
                    WC="0.999786913394928"></String>
          </TextLine>
          <TextLine ID="eSc_line_efa21084"
                    TAGREFS="LT325"
                    BASELINE="159 302 183 300" 
                    HPOS="155"
                    VPOS="265"
                    WIDTH="28"
                    HEIGHT="50">
            <Shape><Polygon POINTS="159 302 159 315 183 311 183 300 179 266 155 265 159 302"/></Shape>
	    <String CONTENT="3"
                    HPOS="155"
                    VPOS="265"
                    WIDTH="28"
                    HEIGHT="50"
                    WC="0.9999650716781616"></String>
          </TextLine>
          <TextLine ID="eSc_line_6578aa95"
                    TAGREFS="LT325"
                    BASELINE="302 305 1153 304 1728 272 1966 266" 
                    HPOS="300"
                    VPOS="218"
                    WIDTH="1666"
                    HEIGHT="121">
            <Shape><Polygon POINTS="1130 233 1128 233 1126 233 1089 261 1060 255 1058 255 1056 255 1054 255 1038 266 984 253 982 253 980 253 978 253 945 270 606 276 374 276 337 249 335 249 333 249 300 249 302 305 302 323 440 339 442 339 498 327 1015 329 1017 329 1019 329 1021 329 1048 309 1070 325 1071 325 1073 325 1075 325 1243 315 1309 323 1311 323 1383 307 1537 311 1539 311 1641 298 1645 296 1966 290 1966 266 1960 218 1824 222 1822 222 1820 222 1802 235 1748 222 1746 222 1744 222 1742 222 1660 251 1623 237 1621 237 1619 237 1580 245 1553 226 1551 226 1549 226 1547 226 1545 226 1491 239 1333 229 1331 229 1329 229 1327 229 1298 249 1132 233 1130 233"/></Shape>
	    <String CONTENT="Jonne que donnnation puisse valoir, à louise enilie ditte aurore creole nis le"
                    HPOS="300"
                    VPOS="218"
                    WIDTH="1666"
                    HEIGHT="121"
                    WC="0.9379636408426822"></String>
          </TextLine>
          <TextLine ID="eSc_line_114f48c5"
                    TAGREFS="LT325"
                    BASELINE="40 405 171 374 278 368" 
                    HPOS="31"
                    VPOS="311"
                    WIDTH="247"
                    HEIGHT="125">
            <Shape><Polygon POINTS="40 405 48 436 79 415 130 420 132 420 185 413 187 413 189 413 189 411 210 393 278 395 278 368 268 319 208 329 183 311 181 311 179 311 177 311 138 317 136 317 134 317 134 319 113 341 66 335 64 335 62 335 60 335 31 354 40 405"/></Shape>
	    <String CONTENT="tove Couse"
                    HPOS="31"
                    VPOS="311"
                    WIDTH="247"
                    HEIGHT="125"
                    WC="0.9240035355091095"></String>
          </TextLine>
          <TextLine ID="eSc_line_30c48216"
                    TAGREFS="LT325"
                    BASELINE="307 381 1393 366 1960 331" 
                    HPOS="306"
                    VPOS="290"
                    WIDTH="1654"
                    HEIGHT="123">
            <Shape><Polygon POINTS="307 381 307 399 383 413 385 413 387 413 389 413 409 397 411 397 448 407 450 407 452 407 631 395 664 411 666 411 668 411 781 409 992 383 994 383 995 383 1054 397 1056 397 1220 389 1222 389 1224 389 1237 380 1296 395 1298 395 1300 395 1498 391 1617 368 1619 368 1621 368 1650 378 1652 378 1654 378 1656 378 1678 366 1958 358 1960 331 1958 311 1906 290 1904 290 1902 290 1841 292 1839 292 1837 292 1820 305 1771 294 1769 294 1767 294 1765 294 1680 317 1588 302 1586 302 1584 302 1561 313 1539 300 1537 300 1535 300 1533 300 1416 302 1354 304 1352 304 1307 327 1305 329 1068 333 1066 333 984 319 982 319 904 333 886 321 884 321 882 321 880 321 771 341 767 341 765 341 713 325 711 325 709 325 707 325 705 325 680 343 678 344 541 346 535 346 387 327 385 327 343 329 341 329 339 329 306 346 307 381"/></Shape>
	    <String CONTENT="dia huit ganrer mil sept dent deontante et dix sept, a fansiise uranie et a"
                    HPOS="306"
                    VPOS="290"
                    WIDTH="1654"
                    HEIGHT="123"
                    WC="0.9733508483568827"></String>
          </TextLine>
          <TextLine ID="eSc_line_318ce8e9"
                    TAGREFS="LT325"
                    BASELINE="3 465 116 459" 
                    HPOS="1"
                    VPOS="411"
                    WIDTH="115"
                    HEIGHT="70">
            <Shape><Polygon POINTS="3 465 3 481 116 475 116 459 113 420 83 411 81 411 79 411 77 411 1 434 3 465"/></Shape>
	    <String CONTENT="354"
                    HPOS="1"
                    VPOS="411"
                    WIDTH="115"
                    HEIGHT="70"
                    WC="0.9998999238014221"></String>
          </TextLine>
          <TextLine ID="eSc_line_539f47d2"
                    TAGREFS="LT325"
                    BASELINE="212 440 257 438" 
                    HPOS="208"
                    VPOS="383"
                    WIDTH="49"
                    HEIGHT="82">
            <Shape><Polygon POINTS="212 440 212 465 257 465 257 438 251 383 208 391 212 440"/></Shape>
	    <String CONTENT="30"
                    HPOS="208"
                    VPOS="383"
                    WIDTH="49"
                    HEIGHT="82"
                    WC="0.9999033212661743"></String>
          </TextLine>
          <TextLine ID="eSc_line_86595734"
                    TAGREFS="LT325"
                    BASELINE="309 448 1407 424 1935 389" 
                    HPOS="306"
                    VPOS="348"
                    WIDTH="1629"
                    HEIGHT="137">
            <Shape><Polygon POINTS="309 448 309 473 331 485 333 485 335 485 337 485 383 473 424 483 426 483 428 483 430 483 432 483 448 471 508 481 510 481 765 475 767 475 814 456 818 454 826 456 867 463 869 463 931 452 935 452 937 452 1015 463 1017 463 1107 452 1220 461 1222 461 1224 461 1294 442 1350 457 1352 457 1354 457 1418 444 1461 454 1463 454 1465 454 1627 444 1629 444 1631 444 1656 428 1658 426 1933 419 1935 389 1933 364 1884 348 1882 348 1880 348 1878 348 1876 348 1851 364 1812 350 1810 350 1808 350 1744 352 1742 352 1740 352 1715 368 1713 370 1611 378 1594 372 1565 360 1563 360 1561 360 1559 360 1512 374 1481 381 1463 374 1457 372 1455 372 1454 372 1426 376 1348 385 1222 380 1101 374 1099 374 1097 374 1095 374 1085 381 1083 383 1071 383 997 376 995 376 994 376 992 376 978 385 955 397 719 391 580 387 578 387 576 387 559 395 522 409 471 397 448 391 446 391 306 399 309 448"/></Shape>
	    <String CONTENT="Jeande touisé Cemene, Enfantt dareel du ritoyen autoins Conss et daures,"
                    HPOS="306"
                    VPOS="348"
                    WIDTH="1629"
                    HEIGHT="137"
                    WC="0.947470695608192"></String>
          </TextLine>
          <TextLine ID="eSc_line_37eb336a"
                    TAGREFS="LT325"
                    BASELINE="317 487 335 487" 
                    HPOS="317"
                    VPOS="448"
                    WIDTH="18"
                    HEIGHT="62">
            <Shape><Polygon POINTS="317 448 317 487 317 510 335 510 335 487 335 448 317 448"/></Shape>
	    <String CONTENT="8"
                    HPOS="317"
                    VPOS="448"
                    WIDTH="18"
                    HEIGHT="62"
                    WC="0.9994280934333801"></String>
          </TextLine>
          <TextLine ID="eSc_line_ddf2fa9b"
                    TAGREFS="LT325"
                    BASELINE="9 539 62 532 120 510 292 485" 
                    HPOS="7"
                    VPOS="456"
                    WIDTH="287"
                    HEIGHT="113">
            <Shape><Polygon POINTS="7 528 9 539 13 569 93 557 95 557 97 557 97 555 99 555 101 549 113 533 153 520 187 516 202 526 206 528 208 528 210 528 212 528 214 528 216 528 216 526 218 526 222 522 229 510 294 502 292 485 284 456 83 473 81 473 79 473 79 475 77 475 66 491 42 483 40 483 38 483 37 483 35 483 9 496 7 528"/></Shape>
	    <String CONTENT="vilie ditte ayrre"
                    HPOS="7"
                    VPOS="456"
                    WIDTH="287"
                    HEIGHT="113"
                    WC="0.9610238075256348"></String>
          </TextLine>
          <TextLine ID="eSc_line_3fb57d99"
                    TAGREFS="LT325"
                    BASELINE="226 526 1344 496 1606 483 1785 461 1960 457" 
                    HPOS="224"
                    VPOS="422"
                    WIDTH="1736"
                    HEIGHT="147">
            <Shape><Polygon POINTS="226 526 228 569 265 557 559 555 886 551 888 551 923 539 957 530 1048 530 1060 533 1079 541 1081 541 1083 541 1085 541 1087 541 1101 532 1118 522 1144 530 1179 541 1181 541 1183 541 1185 541 1229 530 1261 535 1263 535 1264 535 1286 524 1294 520 1305 524 1335 532 1337 532 1339 532 1340 532 1364 520 1379 514 1413 518 1463 526 1465 526 1572 512 1606 508 1613 510 1646 522 1648 522 1650 522 1652 522 1654 522 1678 508 1685 502 1767 502 1771 504 1793 514 1795 514 1797 514 1799 514 1800 514 1816 502 1820 498 1958 495 1960 457 1954 422 1695 432 1693 432 1689 432 1664 444 1627 436 1607 432 1606 432 1604 432 1590 438 1541 459 1272 469 1169 469 1122 457 1083 448 1081 448 1079 448 1077 448 1042 461 1007 475 970 465 968 465 966 465 962 465 896 477 879 469 853 456 851 456 849 456 847 456 810 471 787 481 764 473 734 465 732 465 730 465 520 483 467 467 465 467 463 467 370 469 368 469 366 469 333 493 331 495 323 493 294 487 292 487 224 496 226 526"/></Shape>
	    <String CONTENT="poet dans cette aleie la prusen le vingt uu envaubre mil sapt cent quatiinn"
                    HPOS="224"
                    VPOS="422"
                    WIDTH="1736"
                    HEIGHT="147"
                    WC="0.9219460749626159"></String>
          </TextLine>
          <TextLine ID="eSc_line_62707d38"
                    TAGREFS="LT325"
                    BASELINE="85 592 105 592" 
                    HPOS="85"
                    VPOS="557"
                    WIDTH="20"
                    HEIGHT="107">
            <Shape><Polygon POINTS="85 592 85 656 101 664 105 592 105 557 85 557 85 592"/></Shape>
	    <String CONTENT="8"
                    HPOS="85"
                    VPOS="557"
                    WIDTH="20"
                    HEIGHT="107"
                    WC="0.9946510195732117"></String>
          </TextLine>
          <TextLine ID="eSc_line_628e5e03"
                    TAGREFS="LT325"
                    BASELINE="11 633 37 633" 
                    HPOS="11"
                    VPOS="598"
                    WIDTH="26"
                    HEIGHT="56">
            <Shape><Polygon POINTS="11 633 11 654 37 648 37 633 35 598 11 600 11 633"/></Shape>
	    <String CONTENT="1"
                    HPOS="11"
                    VPOS="598"
                    WIDTH="26"
                    HEIGHT="56"
                    WC="0.9999960660934448"></String>
          </TextLine>
          <TextLine ID="eSc_line_493e0a62"
                    TAGREFS="LT325"
                    BASELINE="91 641 224 629 376 600 1344 561 1787 526 1880 526" 
                    HPOS="87"
                    VPOS="481"
                    WIDTH="1793"
                    HEIGHT="183">
            <Shape><Polygon POINTS="91 641 91 664 241 658 243 658 245 658 245 656 292 631 676 631 832 631 832 629 947 623 949 623 970 611 988 602 1013 610 1017 610 1019 610 1021 610 1023 610 1029 608 1073 592 1177 598 1294 606 1296 606 1397 588 1422 598 1424 598 1426 598 1609 588 1611 588 1613 588 1637 569 1643 565 1687 559 1878 553 1880 526 1878 495 1834 481 1832 481 1830 481 1828 481 1787 500 1783 502 1631 506 1625 506 1555 493 1553 493 1551 493 1549 493 1526 510 1524 512 1422 514 1420 514 1405 504 1403 504 1401 504 1399 504 1397 504 1370 516 1354 522 1335 518 1294 506 1292 506 1290 506 1288 506 1286 506 1268 520 1259 528 814 549 767 539 740 533 738 533 736 533 723 541 697 555 674 543 670 541 668 541 666 541 654 543 606 555 565 547 543 543 541 543 309 555 307 555 300 557 253 572 87 567 91 641"/></Shape>
	    <String CONTENT="deux enfnt daac et lue rande le trin sntose au noit ce accepté pour les mmonom mée,"
                    HPOS="87"
                    VPOS="481"
                    WIDTH="1793"
                    HEIGHT="183"
                    WC="0.9146820055433067"></String>
          </TextLine>
          <TextLine ID="eSc_line_6567336b"
                    TAGREFS="LT325"
                    BASELINE="27 664 58 660" 
                    HPOS="23"
                    VPOS="598"
                    WIDTH="37"
                    HEIGHT="89">
            <Shape><Polygon POINTS="23 635 27 664 29 687 60 687 58 660 44 598 23 611 23 635"/></Shape>
	    <String CONTENT="3"
                    HPOS="23"
                    VPOS="598"
                    WIDTH="37"
                    HEIGHT="89"
                    WC="0.999527096748352"></String>
          </TextLine>
          <TextLine ID="eSc_line_8a979e97"
                    TAGREFS="LT325"
                    BASELINE="306 666 804 654 1161 631 1489 621 1958 582" 
                    HPOS="302"
                    VPOS="545"
                    WIDTH="1656"
                    HEIGHT="166">
            <Shape><Polygon POINTS="306 666 306 709 485 711 487 711 489 711 543 697 551 695 557 695 610 711 612 711 613 711 723 695 767 703 769 703 921 695 923 695 966 682 1021 687 1023 687 1025 687 1058 674 1110 686 1112 686 1114 686 1169 670 1257 678 1259 678 1346 662 1535 664 1537 664 1539 664 1582 641 1588 637 1958 619 1958 582 1952 545 1834 567 1744 555 1734 555 1732 555 1730 555 1726 557 1689 574 1668 561 1666 561 1664 561 1662 561 1530 582 1459 574 1457 574 1455 574 1454 574 1434 586 1403 574 1399 572 1397 572 1395 572 1393 572 1387 574 1340 594 1091 604 1027 594 1013 592 1011 592 1009 592 1001 594 955 613 758 617 736 610 732 608 730 608 728 608 727 608 717 610 682 619 617 615 608 615 606 615 604 615 602 615 571 631 518 621 498 617 497 617 495 617 477 623 450 631 432 625 422 621 421 621 419 621 302 631 306 666"/></Shape>
	    <String CONTENT="atteudu leur minsrité par jean haptisse conr negonent de cette cctaiie demeurant"
                    HPOS="302"
                    VPOS="545"
                    WIDTH="1656"
                    HEIGHT="166"
                    WC="0.9647862546145916"></String>
          </TextLine>
          <TextLine ID="eSc_line_48f9d1ac"
                    TAGREFS="LT325"
                    BASELINE="298 744 409 730 1089 715 1563 689 1648 674 1822 660 1952 656" 
                    HPOS="294"
                    VPOS="625"
                    WIDTH="1658"
                    HEIGHT="162">
            <Shape><Polygon POINTS="298 744 300 787 343 777 378 783 391 785 393 785 395 785 403 781 463 758 518 775 530 779 532 779 534 779 535 779 545 773 559 767 580 771 606 777 608 777 668 767 684 763 728 763 1126 758 1173 756 1175 756 1214 736 1243 723 1301 732 1342 738 1344 738 1346 738 1389 726 1432 717 1446 724 1457 730 1459 730 1461 732 1512 732 1512 730 1514 730 1535 719 1551 711 1570 717 1615 732 1617 732 1619 732 1621 732 1623 732 1650 713 1660 705 1781 703 1787 705 1814 719 1816 719 1818 719 1820 719 1822 719 1849 701 1857 697 1952 695 1952 656 1949 625 1561 639 1559 639 1549 641 1485 664 1452 648 1450 648 1448 648 1446 648 1393 662 1360 650 1350 647 1348 647 1346 647 1344 647 1342 647 1337 650 1305 674 1274 676 1225 676 1192 656 1190 656 1188 656 1186 656 1185 656 1183 656 1183 658 1151 680 1120 682 995 684 958 670 957 670 955 670 953 670 914 687 785 680 783 680 781 680 752 693 730 680 728 680 727 680 725 680 723 680 686 697 621 697 567 684 553 682 551 682 549 682 537 686 500 697 469 689 463 687 461 687 459 687 294 695 298 744"/></Shape>
	    <String CONTENT="d7 pout et poar auguste joursel regaiant denmeurant en ce port, joudé du pouvorr"
                    HPOS="294"
                    VPOS="625"
                    WIDTH="1658"
                    HEIGHT="162"
                    WC="0.9138600438833236"></String>
          </TextLine>
          <TextLine ID="eSc_line_4a611500"
                    TAGREFS="LT325"
                    BASELINE="307 800 1044 785 1935 726" 
                    HPOS="306"
                    VPOS="697"
                    WIDTH="1629"
                    HEIGHT="154">
            <Shape><Polygon POINTS="307 800 307 849 346 851 348 851 350 851 352 851 358 847 376 836 411 843 428 847 430 847 432 847 434 847 440 841 454 834 469 839 477 843 479 843 481 843 520 838 576 828 596 834 612 838 613 838 615 838 758 832 760 832 762 832 777 822 801 808 843 818 879 826 880 826 1019 808 1146 791 1196 797 1239 802 1241 802 1243 802 1286 791 1292 791 1305 791 1493 797 1494 797 1567 781 1588 789 1590 789 1592 789 1594 789 1650 769 1666 763 1935 752 1935 726 1931 697 1849 707 1779 703 1699 699 1697 699 1695 699 1658 709 1613 721 1512 717 1510 717 1508 717 1506 717 1481 726 1461 719 1457 717 1455 717 1454 717 1452 717 1450 717 1448 719 1430 728 1409 721 1391 715 1389 715 1387 715 1288 719 1233 728 1163 744 879 756 799 750 773 748 771 748 769 748 767 748 764 750 746 762 699 754 682 752 680 752 656 756 619 763 600 758 588 756 586 756 584 756 582 756 580 756 576 760 563 769 512 763 471 758 469 758 306 771 307 800"/></Shape>
	    <String CONTENT="spicill de albert lequase tabirant au canton de le pratericitté a au presant, an"
                    HPOS="306"
                    VPOS="697"
                    WIDTH="1629"
                    HEIGHT="154"
                    WC="0.92224848754704"></String>
          </TextLine>
          <TextLine ID="eSc_line_4db44e99"
                    TAGREFS="LT325"
                    BASELINE="42 843 175 847" 
                    HPOS="40"
                    VPOS="785"
                    WIDTH="135"
                    HEIGHT="99">
            <Shape><Polygon POINTS="42 843 40 878 113 884 114 884 173 871 175 847 175 785 138 789 136 789 134 789 134 791 132 793 116 806 89 800 79 799 77 799 76 799 42 808 42 843"/></Shape>
	    <String CONTENT="d de d "
                    HPOS="40"
                    VPOS="785"
                    WIDTH="135"
                    HEIGHT="99"
                    WC="0.6003176186765943"></String>
          </TextLine>
          <TextLine ID="eSc_line_4d9c1ff8"
                    TAGREFS="LT325"
                    BASELINE="302 871 1436 832 1951 787" 
                    HPOS="300"
                    VPOS="754"
                    WIDTH="1651"
                    HEIGHT="152">
            <Shape><Polygon POINTS="302 871 302 906 442 878 539 878 555 888 557 888 559 888 561 888 615 878 635 890 641 892 643 892 645 892 647 892 649 892 652 888 672 877 728 882 730 882 732 882 773 867 845 877 884 882 886 882 949 878 951 878 968 871 988 861 1066 865 1165 869 1167 869 1169 869 1210 855 1214 855 1218 855 1241 865 1243 865 1245 865 1399 851 1512 855 1514 855 1592 851 1594 851 1645 832 1654 826 1951 812 1951 787 1947 754 1646 765 1645 765 1625 769 1598 777 1578 773 1565 769 1563 769 1561 769 1559 769 1557 769 1553 775 1543 781 1516 777 1504 775 1502 775 1485 777 1434 787 1397 783 1362 779 1360 779 1358 779 1356 779 1348 785 1331 797 1309 787 1298 783 1296 783 1294 783 1292 783 1290 783 1282 789 1257 804 1198 806 1134 797 1114 795 1112 795 1110 795 1095 799 1052 814 880 820 843 812 795 802 793 802 791 802 762 818 744 826 695 820 666 818 664 818 662 818 660 818 656 822 647 832 487 832 452 818 450 818 448 818 446 818 444 818 419 836 417 838 413 836 376 822 374 822 372 822 370 822 368 822 339 839 337 841 300 841 302 871"/></Shape>
	    <String CONTENT="quelit de tateur savoir le citoyen atvent Laguare de louise Emilie ditte aurose et"
                    HPOS="300"
                    VPOS="754"
                    WIDTH="1651"
                    HEIGHT="152"
                    WC="0.9385120999522325"></String>
          </TextLine>
          <TextLine ID="eSc_line_daf6f724"
                    TAGREFS="LT325"
                    BASELINE="311 935 1555 896 1945 857" 
                    HPOS="307"
                    VPOS="820"
                    WIDTH="1638"
                    HEIGHT="142">
            <Shape><Polygon POINTS="311 935 311 951 333 960 335 960 337 960 339 960 362 949 364 949 372 949 458 956 459 956 641 945 668 962 670 962 672 962 674 962 676 962 715 941 773 943 775 943 777 943 779 943 791 933 826 945 828 945 830 945 939 933 970 949 972 949 974 951 1040 951 1040 949 1134 935 1192 943 1194 943 1196 943 1245 931 1557 931 1557 929 1559 929 1561 929 1578 915 1631 917 1633 917 1635 917 1676 902 1758 917 1760 917 1761 917 1763 917 1800 894 1945 888 1945 857 1941 820 1876 820 1875 820 1873 820 1865 822 1824 841 1765 841 1748 828 1746 828 1744 828 1742 828 1740 828 1738 828 1738 830 1705 853 1629 834 1611 830 1609 830 1607 830 1606 830 1592 836 1549 857 1432 865 879 884 853 871 830 859 828 859 826 859 672 865 670 865 641 877 573 869 571 869 569 869 567 869 549 880 535 871 534 871 532 871 530 871 368 877 366 877 307 896 311 935"/></Shape>
	    <String CONTENT="de cinoyes gean chaptiste arive de ses rnfantt, nommés le cetti quattré uiqnement"
                    HPOS="307"
                    VPOS="820"
                    WIDTH="1638"
                    HEIGHT="142"
                    WC="0.9491704763085754"></String>
          </TextLine>
          <TextLine ID="eSc_line_cae99b91"
                    TAGREFS="LT325"
                    BASELINE="54 976 290 968" 
                    HPOS="52"
                    VPOS="919"
                    WIDTH="238"
                    HEIGHT="92">
            <Shape><Polygon POINTS="54 976 54 1011 290 1003 290 968 288 931 259 919 257 919 255 919 253 919 192 935 177 921 177 919 175 919 173 919 171 919 169 919 134 931 118 921 116 921 114 921 113 921 111 921 52 939 54 976"/></Shape>
	    <String CONTENT="premt ret"
                    HPOS="52"
                    VPOS="919"
                    WIDTH="238"
                    HEIGHT="92"
                    WC="0.9159110850758023"></String>
          </TextLine>
          <TextLine ID="eSc_line_c38888a8"
                    TAGREFS="LT325"
                    BASELINE="307 1007 1075 984 1945 927" 
                    HPOS="304"
                    VPOS="888"
                    WIDTH="1641"
                    HEIGHT="160">
            <Shape><Polygon POINTS="307 1007 307 1034 348 1034 352 1034 382 1048 383 1048 385 1048 387 1048 389 1048 415 1032 417 1030 514 1027 516 1027 571 1048 573 1048 574 1048 738 1030 777 1038 779 1038 1085 1023 1087 1023 1118 1011 1165 1019 1167 1019 1169 1019 1171 1019 1192 1003 1241 1015 1243 1015 1245 1015 1247 1015 1298 993 1440 1005 1442 1005 1607 978 1619 986 1621 986 1623 986 1625 986 1627 986 1680 968 1684 968 1687 968 1779 988 1781 988 1783 988 1785 988 1818 962 1818 960 1945 954 1945 927 1939 888 1882 900 1802 896 1800 896 1799 896 1771 910 1732 898 1730 898 1728 898 1590 904 1588 904 1586 904 1565 923 1370 923 1368 923 1366 923 1364 923 1350 933 1259 921 1257 921 1255 921 1253 921 1220 943 925 956 904 949 902 949 900 949 576 974 557 960 555 960 553 960 551 960 549 960 547 960 522 976 495 960 493 960 491 960 489 960 456 974 304 968 307 1007"/></Shape>
	    <String CONTENT="à leffet de le pratente accaptaors anfonmementt à lavit des ainsà defant de parens"
                    HPOS="304"
                    VPOS="888"
                    WIDTH="1641"
                    HEIGHT="160"
                    WC="0.9039038325228342"></String>
          </TextLine>
          <TextLine ID="eSc_line_c8a49039"
                    TAGREFS="LT325"
                    BASELINE="37 1058 317 1038" 
                    HPOS="33"
                    VPOS="993"
                    WIDTH="284"
                    HEIGHT="92">
            <Shape><Polygon POINTS="37 1058 37 1075 91 1085 93 1085 146 1073 161 1069 169 1073 200 1085 202 1085 204 1085 206 1085 233 1071 241 1066 247 1069 259 1079 261 1079 263 1079 265 1079 317 1067 317 1038 311 1009 245 1009 202 993 200 993 198 993 144 997 142 997 140 997 140 999 138 999 134 1007 126 1001 124 1001 122 1001 120 1001 118 1001 116 1001 93 1017 83 1023 33 1021 37 1058"/></Shape>
	    <String CONTENT="onna tooin"
                    HPOS="33"
                    VPOS="993"
                    WIDTH="284"
                    HEIGHT="92"
                    WC="0.861705806851387"></String>
          </TextLine>
          <TextLine ID="eSc_line_e2ba5d29"
                    TAGREFS="LT325"
                    BASELINE="307 1077 1148 1048 1943 1003" 
                    HPOS="304"
                    VPOS="964"
                    WIDTH="1639"
                    HEIGHT="152">
            <Shape><Polygon POINTS="307 1077 307 1103 374 1116 376 1116 378 1116 403 1105 448 1114 450 1114 452 1114 481 1099 506 1112 508 1112 510 1112 652 1093 740 1103 742 1103 744 1103 801 1081 832 1097 834 1097 836 1097 957 1093 958 1093 978 1083 1025 1089 1027 1089 1029 1089 1031 1089 1056 1069 1058 1069 1060 1069 1171 1083 1173 1083 1175 1083 1216 1062 1220 1060 1268 1060 1270 1060 1319 1075 1321 1075 1323 1075 1391 1073 1393 1073 1395 1073 1409 1062 1475 1069 1477 1069 1567 1050 1596 1060 1598 1060 1600 1060 1689 1040 1697 1038 1943 1029 1943 1003 1941 978 1855 964 1853 964 1736 984 1721 988 1629 990 1625 988 1598 976 1596 976 1594 976 1592 976 1553 990 1549 990 1397 990 1395 990 1393 990 1391 990 1381 995 1374 1001 1362 997 1339 988 1337 988 1335 988 1333 988 1298 999 1278 1005 1251 1001 1204 993 1202 993 1155 1003 1114 1013 968 1011 949 1011 947 1011 929 1011 762 1029 744 1019 740 1015 738 1015 736 1015 734 1015 678 1021 500 1040 304 1034 307 1077"/></Shape>
	    <String CONTENT="de la ditte aurois et de sas enfantt rau par le yugt de pis def cille et canton du"
                    HPOS="304"
                    VPOS="964"
                    WIDTH="1639"
                    HEIGHT="152"
                    WC="0.9629322450335432"></String>
          </TextLine>
          <TextLine ID="eSc_line_9df32600"
                    TAGREFS="LT325"
                    BASELINE="31 1132 302 1108" 
                    HPOS="27"
                    VPOS="1066"
                    WIDTH="275"
                    HEIGHT="109">
            <Shape><Polygon POINTS="31 1132 35 1175 120 1169 122 1169 124 1169 144 1155 181 1130 302 1124 302 1108 296 1071 226 1066 224 1066 222 1066 220 1066 196 1081 194 1083 192 1083 163 1071 161 1071 159 1071 157 1071 155 1071 130 1087 97 1079 95 1079 93 1079 91 1079 89 1079 89 1081 87 1081 77 1093 77 1095 27 1097 31 1132"/></Shape>
	    <String CONTENT="ao 66 dse"
                    HPOS="27"
                    VPOS="1066"
                    WIDTH="275"
                    HEIGHT="109"
                    WC="0.8756154477596283"></String>
          </TextLine>
          <TextLine ID="eSc_line_6d0638ec"
                    TAGREFS="LT325"
                    BASELINE="376 1130 1358 1106 1941 1067" 
                    HPOS="374"
                    VPOS="1038"
                    WIDTH="1567"
                    HEIGHT="125">
            <Shape><Polygon POINTS="376 1130 376 1151 399 1149 405 1153 421 1163 422 1163 424 1163 426 1163 428 1163 430 1163 448 1151 456 1145 732 1138 742 1140 797 1157 799 1157 801 1157 803 1157 804 1157 826 1143 873 1155 875 1155 877 1155 1543 1132 1545 1132 1547 1132 1567 1116 1631 1124 1633 1124 1635 1124 1637 1124 1660 1105 1662 1103 1939 1093 1941 1067 1935 1038 1722 1040 1721 1040 1719 1040 1719 1042 1713 1046 1699 1058 1609 1050 1543 1046 1541 1046 1539 1046 1512 1056 1479 1066 1461 1058 1448 1050 1446 1050 1444 1050 1399 1052 1397 1052 1374 1060 1358 1067 1040 1081 964 1077 879 1073 877 1073 875 1073 873 1073 873 1075 865 1081 857 1087 840 1083 797 1073 795 1073 793 1073 767 1085 756 1091 728 1087 654 1077 652 1077 557 1095 532 1099 522 1097 489 1083 487 1083 485 1083 483 1083 450 1099 448 1099 401 1091 399 1091 397 1091 374 1099 376 1130"/></Shape>
	    <String CONTENT="taand aunt duivant le pour venbal par lu dicité le donce Bannaise dernoer"
                    HPOS="374"
                    VPOS="1038"
                    WIDTH="1567"
                    HEIGHT="125"
                    WC="0.9522069582383926"></String>
          </TextLine>
          <TextLine ID="eSc_line_76918da7"
                    TAGREFS="LT325"
                    BASELINE="81 1186 157 1179" 
                    HPOS="77"
                    VPOS="1142"
                    WIDTH="82"
                    HEIGHT="68">
            <Shape><Polygon POINTS="81 1186 83 1210 159 1202 157 1179 152 1142 77 1159 81 1186"/></Shape>
	    <String CONTENT="32"
                    HPOS="77"
                    VPOS="1142"
                    WIDTH="82"
                    HEIGHT="68"
                    WC="0.9998824894428253"></String>
          </TextLine>
          <TextLine ID="eSc_line_201455db"
                    TAGREFS="LT325"
                    BASELINE="179 1179 382 1165" 
                    HPOS="175"
                    VPOS="1110"
                    WIDTH="207"
                    HEIGHT="78">
            <Shape><Polygon POINTS="179 1179 179 1188 382 1179 382 1165 374 1110 311 1114 309 1114 307 1114 307 1116 306 1116 300 1124 284 1143 175 1145 179 1179"/></Shape>
	    <String CONTENT="Nonc Jr"
                    HPOS="175"
                    VPOS="1110"
                    WIDTH="207"
                    HEIGHT="78"
                    WC="0.7867013088294438"></String>
          </TextLine>
          <TextLine ID="eSc_line_59b28769"
                    TAGREFS="LT325"
                    BASELINE="311 1206 635 1182 1031 1179 1514 1159 1941 1122" 
                    HPOS="309"
                    VPOS="1085"
                    WIDTH="1632"
                    HEIGHT="150">
            <Shape><Polygon POINTS="311 1206 311 1227 337 1235 339 1235 341 1235 343 1235 366 1225 370 1223 372 1225 383 1233 385 1233 387 1233 389 1233 493 1218 541 1212 555 1216 586 1225 588 1225 590 1225 592 1225 594 1225 613 1212 621 1206 931 1194 943 1194 974 1198 1025 1233 1027 1233 1029 1233 1031 1233 1233 1223 1235 1223 1237 1223 1266 1202 1307 1220 1309 1220 1311 1220 1500 1210 1502 1210 1557 1188 1598 1204 1600 1204 1602 1204 1773 1196 1775 1196 1869 1145 1873 1143 1941 1142 1941 1122 1935 1085 1615 1112 1592 1105 1582 1101 1580 1101 1578 1101 1576 1101 1563 1106 1537 1118 1261 1124 1120 1128 1064 1136 1001 1145 902 1145 898 1145 851 1132 849 1132 847 1132 845 1132 789 1147 754 1136 752 1136 750 1136 578 1143 576 1143 524 1159 426 1157 424 1157 309 1179 311 1206"/></Shape>
	    <String CONTENT="contreaant acmptatiens des dettes ctarget de tatour adhi par lesritayent jaan"
                    HPOS="309"
                    VPOS="1085"
                    WIDTH="1632"
                    HEIGHT="150"
                    WC="0.9161071893456695"></String>
          </TextLine>
          <TextLine ID="eSc_line_64d8ad76"
                    TAGREFS="LT325"
                    BASELINE="46 1253 282 1249" 
                    HPOS="44"
                    VPOS="1216"
                    WIDTH="238"
                    HEIGHT="68">
            <Shape><Polygon POINTS="46 1253 48 1284 93 1270 126 1278 140 1282 142 1282 144 1282 146 1282 148 1282 148 1280 152 1276 159 1268 280 1266 282 1249 276 1216 44 1218 46 1253"/></Shape>
	    <String CONTENT="nam aaton"
                    HPOS="44"
                    VPOS="1216"
                    WIDTH="238"
                    HEIGHT="68"
                    WC="0.7633644474877251"></String>
          </TextLine>
          <TextLine ID="eSc_line_50bcdafc"
                    TAGREFS="LT325"
                    BASELINE="309 1270 465 1255 978 1231" 
                    HPOS="306"
                    VPOS="1181"
                    WIDTH="672"
                    HEIGHT="118">
            <Shape><Polygon POINTS="927 1181 919 1181 879 1188 808 1200 781 1192 765 1186 764 1186 762 1186 697 1188 695 1188 664 1196 612 1212 576 1212 563 1200 559 1196 557 1196 555 1196 553 1196 551 1196 532 1202 497 1212 469 1204 459 1202 458 1202 456 1202 454 1202 452 1202 452 1204 450 1204 438 1218 306 1212 309 1270 309 1299 409 1296 411 1296 413 1296 413 1294 415 1294 430 1276 463 1270 489 1280 491 1280 493 1280 682 1260 701 1268 732 1280 734 1280 736 1280 801 1270 803 1270 804 1270 804 1268 806 1268 814 1258 816 1257 834 1257 904 1258 906 1258 978 1243 978 1231 974 1184 947 1181 927 1181"/></Shape>
	    <String CONTENT="Laptu arisé et albert Lagaave"
                    HPOS="306"
                    VPOS="1181"
                    WIDTH="672"
                    HEIGHT="118"
                    WC="0.9538444856117512"></String>
          </TextLine>
          <TextLine ID="eSc_line_de161355"
                    TAGREFS="LT325"
                    BASELINE="389 1325 1165 1284 1943 1223" 
                    HPOS="385"
                    VPOS="1171"
                    WIDTH="1558"
                    HEIGHT="179">
            <Shape><Polygon POINTS="927 1235 925 1235 923 1235 875 1255 861 1262 717 1272 695 1270 598 1257 596 1257 594 1257 592 1257 563 1280 563 1282 530 1284 452 1288 432 1278 430 1278 428 1278 426 1278 385 1294 389 1325 389 1344 485 1340 487 1340 498 1350 500 1350 502 1350 504 1350 506 1350 508 1350 522 1338 524 1338 526 1338 580 1344 582 1344 584 1344 627 1333 631 1331 633 1331 654 1342 656 1342 658 1342 660 1342 691 1327 693 1327 713 1327 838 1327 840 1327 943 1311 958 1309 964 1309 1017 1321 1019 1321 1021 1321 1062 1309 1107 1317 1109 1317 1378 1286 1436 1296 1438 1296 1607 1272 1824 1272 1824 1270 1826 1270 1873 1251 1873 1249 1941 1245 1943 1223 1935 1171 1756 1204 1699 1188 1695 1188 1693 1188 1691 1188 1689 1188 1685 1190 1656 1204 1637 1194 1629 1190 1627 1190 1625 1190 1623 1190 1596 1198 1569 1204 1551 1200 1522 1196 1520 1196 1518 1196 1475 1208 1424 1220 1399 1214 1383 1210 1381 1210 1379 1210 1378 1210 1358 1216 1335 1225 1325 1220 1319 1216 1317 1216 1315 1216 1313 1216 1311 1216 1309 1216 1303 1221 1292 1231 1224 1239 1177 1231 1134 1223 1132 1223 1130 1223 1103 1235 929 1235 927 1235"/></Shape>
	    <String CONTENT="Lonigiusal du pouvoir du idoyen Saqguisé speeat e leffes, de la dit acceptation"
                    HPOS="385"
                    VPOS="1171"
                    WIDTH="1558"
                    HEIGHT="179"
                    WC="0.9069986528233637"></String>
          </TextLine>
          <TextLine ID="eSc_line_87274600"
                    TAGREFS="LT325"
                    BASELINE="33 1418 937 1358 1259 1346 1818 1294 1951 1290" 
                    HPOS="29"
                    VPOS="1237"
                    WIDTH="1922"
                    HEIGHT="209">
            <Shape><Polygon POINTS="33 1418 35 1446 450 1410 467 1414 502 1424 504 1424 506 1424 608 1405 647 1397 664 1399 713 1409 715 1409 717 1409 769 1391 787 1387 816 1389 861 1391 863 1391 865 1391 884 1383 894 1379 902 1381 929 1393 931 1393 933 1393 1033 1375 1500 1354 1596 1333 1691 1340 1693 1340 1795 1315 1951 1303 1951 1290 1947 1253 1888 1237 1886 1237 1884 1237 1882 1237 1826 1260 1775 1255 1773 1255 1771 1255 1740 1268 1736 1270 1713 1270 1590 1268 1588 1268 1586 1268 1553 1282 1547 1284 1543 1282 1516 1272 1514 1272 1512 1272 1510 1272 1483 1288 1479 1290 1415 1294 1409 1292 1378 1280 1376 1280 1374 1280 1372 1280 1342 1290 1305 1284 1303 1284 1301 1284 1300 1284 1272 1301 1268 1305 1167 1311 1155 1311 1060 1296 1058 1296 613 1327 489 1358 475 1360 469 1358 395 1342 393 1342 309 1348 307 1348 233 1375 226 1377 210 1377 150 1373 148 1373 29 1389 33 1418"/></Shape>
	    <String CONTENT="ee au ooqceu dette au pors de la patarinsé du vingt quatre fin coos danior reprecenté"
                    HPOS="29"
                    VPOS="1237"
                    WIDTH="1922"
                    HEIGHT="209"
                    WC="0.9260779717389275"></String>
          </TextLine>
          <TextLine ID="eSc_line_362fca7f"
                    TAGREFS="LT325"
                    BASELINE="29 1485 191 1483 705 1434 1340 1401 1947 1344" 
                    HPOS="25"
                    VPOS="1301"
                    WIDTH="1922"
                    HEIGHT="226">
            <Shape><Polygon POINTS="29 1485 29 1512 109 1527 111 1527 259 1516 261 1516 296 1500 317 1508 319 1508 321 1508 323 1508 366 1487 368 1487 370 1487 409 1494 411 1494 413 1494 446 1481 448 1481 450 1481 518 1496 520 1496 623 1488 625 1488 730 1461 803 1469 804 1469 806 1469 808 1469 822 1459 863 1463 865 1463 867 1463 869 1463 892 1448 927 1459 929 1459 931 1459 1089 1438 1116 1444 1118 1444 1120 1444 1122 1444 1161 1426 1163 1426 1179 1426 1469 1426 1469 1424 1471 1424 1502 1409 1594 1409 1596 1409 1598 1409 1600 1409 1615 1397 1633 1405 1635 1405 1637 1405 1947 1366 1947 1344 1941 1305 1795 1301 1793 1301 1791 1301 1740 1323 1728 1327 1703 1325 1594 1317 1592 1317 1590 1317 1502 1340 1494 1344 1331 1358 1311 1356 1263 1350 1261 1350 1194 1366 1177 1370 1167 1368 1130 1358 1128 1358 1126 1358 1031 1373 896 1370 894 1370 892 1370 806 1391 746 1381 744 1381 742 1381 740 1381 723 1395 545 1397 543 1397 508 1414 307 1414 306 1414 304 1414 189 1446 25 1457 29 1485"/></Shape>
	    <String CONTENT="aiva qon pdur le entoyen queral qui le destefé consablé et ain réquisitien demané joint"
                    HPOS="25"
                    VPOS="1301"
                    WIDTH="1922"
                    HEIGHT="226"
                    WC="0.9036111578174021"></String>
          </TextLine>
          <TextLine ID="eSc_line_e7fda579"
                    TAGREFS="LT325"
                    BASELINE="304 1522 1674 1434 1952 1407" 
                    HPOS="300"
                    VPOS="1372"
                    WIDTH="1652"
                    HEIGHT="175">
            <Shape><Polygon POINTS="304 1522 304 1547 448 1547 448 1545 561 1529 574 1527 576 1527 594 1539 596 1539 598 1539 600 1539 602 1539 635 1524 637 1524 680 1543 682 1543 684 1543 725 1541 894 1529 896 1529 898 1529 918 1512 966 1508 1109 1516 1110 1516 1112 1516 1179 1492 1370 1494 1372 1494 1374 1494 1422 1477 1528 1488 1530 1488 1684 1455 1724 1463 1726 1463 1855 1446 1880 1457 1882 1457 1884 1457 1886 1457 1952 1436 1952 1407 1945 1372 1863 1373 1861 1373 1851 1377 1820 1391 1787 1383 1773 1379 1771 1379 1769 1379 1730 1387 1666 1399 1645 1393 1633 1389 1631 1389 1629 1389 1494 1397 1493 1397 1477 1405 1463 1412 1438 1409 1409 1403 1407 1403 1255 1422 1134 1436 1066 1436 962 1434 960 1434 958 1434 937 1446 927 1449 906 1448 877 1444 875 1444 832 1453 808 1457 799 1455 765 1446 764 1446 762 1446 676 1463 602 1455 600 1455 598 1455 596 1455 571 1471 567 1475 422 1483 419 1483 366 1471 364 1471 362 1471 300 1490 304 1522"/></Shape>
	    <String CONTENT="à la prericère niimutte des presentee après avin est de lui cartifé vesitable signe"
                    HPOS="300"
                    VPOS="1372"
                    WIDTH="1652"
                    HEIGHT="175"
                    WC="0.9407583015510835"></String>
          </TextLine>
          <TextLine ID="eSc_line_57c56d81"
                    TAGREFS="LT325"
                    BASELINE="309 1578 541 1566" 
                    HPOS="306"
                    VPOS="1535"
                    WIDTH="235"
                    HEIGHT="70">
            <Shape><Polygon POINTS="309 1578 309 1601 368 1605 370 1605 372 1605 409 1596 424 1592 434 1594 458 1601 459 1601 461 1601 541 1586 541 1566 535 1535 306 1545 309 1578"/></Shape>
	    <String CONTENT="t paraphe."
                    HPOS="306"
                    VPOS="1535"
                    WIDTH="235"
                    HEIGHT="70"
                    WC="0.9925901651382446"></String>
          </TextLine>
          <TextLine ID="eSc_line_afc367cd"
                    TAGREFS="LT325"
                    BASELINE="46 1625 319 1617" 
                    HPOS="42"
                    VPOS="1553"
                    WIDTH="277"
                    HEIGHT="103">
            <Shape><Polygon POINTS="311 1553 177 1568 165 1563 152 1557 150 1557 148 1557 146 1557 144 1557 130 1564 124 1568 113 1566 70 1559 68 1559 66 1559 42 1568 46 1625 48 1656 83 1646 114 1650 146 1654 148 1654 150 1654 171 1644 200 1633 247 1639 284 1642 286 1642 288 1642 319 1631 319 1617 313 1564 311 1553"/></Shape>
	    <String CONTENT="1ᵃ34"
                    HPOS="42"
                    VPOS="1553"
                    WIDTH="277"
                    HEIGHT="103"
                    WC="0.9972222745418549"></String>
          </TextLine>
          <TextLine ID="eSc_line_071ddac9"
                    TAGREFS="LT325"
                    BASELINE="376 1627 670 1613 997 1580 1615 1545 1787 1527 1947 1524" 
                    HPOS="372"
                    VPOS="1481"
                    WIDTH="1575"
                    HEIGHT="171">
            <Shape><Polygon POINTS="528 1568 508 1568 497 1574 497 1576 372 1582 376 1627 376 1652 485 1637 682 1633 775 1629 849 1619 1019 1598 1046 1605 1060 1609 1062 1609 1064 1609 1066 1609 1089 1601 1120 1592 1140 1598 1151 1601 1153 1601 1155 1601 1202 1594 1266 1580 1348 1578 1360 1582 1381 1590 1383 1590 1385 1590 1387 1590 1428 1576 1450 1568 1522 1566 1533 1568 1567 1578 1569 1578 1570 1578 1678 1559 1680 1559 1752 1566 1754 1566 1756 1566 1810 1549 1816 1547 1822 1547 1859 1553 1861 1553 1947 1537 1947 1524 1941 1483 1555 1506 1553 1506 1512 1481 1510 1481 1508 1481 1506 1481 1504 1481 1452 1496 1268 1496 1266 1496 1264 1496 1224 1518 988 1514 986 1514 892 1533 812 1529 810 1529 808 1529 769 1549 682 1533 680 1533 574 1541 573 1541 530 1559 528 1568"/></Shape>
	    <String CONTENT="d&#x27;un tenaur emplasent dit teué au caux des nons Libres geontenant en"
                    HPOS="372"
                    VPOS="1481"
                    WIDTH="1575"
                    HEIGHT="171"
                    WC="0.9452382860814824"></String>
          </TextLine>
          <TextLine ID="eSc_line_bcd87b27"
                    TAGREFS="LT325"
                    BASELINE="37 1691 569 1676 1956 1572" 
                    HPOS="33"
                    VPOS="1533"
                    WIDTH="1923"
                    HEIGHT="195">
            <Shape><Polygon POINTS="37 1691 38 1718 114 1716 150 1728 152 1728 153 1728 155 1728 228 1709 229 1709 231 1709 350 1715 352 1715 693 1691 695 1691 732 1674 758 1683 760 1683 762 1683 764 1683 765 1683 781 1674 859 1679 861 1679 1233 1654 1370 1629 1376 1629 1379 1629 1426 1640 1428 1640 1430 1640 1432 1640 1493 1621 1956 1588 1956 1572 1952 1541 1849 1533 1847 1533 1845 1533 1810 1549 1808 1551 1613 1563 1592 1563 1500 1555 1498 1555 1496 1555 1494 1555 1473 1568 1467 1572 1457 1570 1428 1561 1426 1561 1424 1561 1422 1561 1395 1574 1389 1576 1385 1574 1360 1564 1358 1564 1356 1564 1243 1572 1241 1572 1239 1572 1222 1584 1210 1590 1120 1590 990 1590 988 1590 801 1603 799 1603 777 1611 750 1619 641 1619 600 1619 598 1619 596 1619 584 1623 532 1637 497 1627 487 1625 485 1625 483 1625 481 1625 467 1629 424 1642 339 1640 337 1640 183 1660 33 1656 37 1691"/></Shape>
	    <String CONTENT="deur visensepr plienbet telois quarent tenit au nord par un tenain vaque sur dit"
                    HPOS="33"
                    VPOS="1533"
                    WIDTH="1923"
                    HEIGHT="195"
                    WC="0.9272408381104469"></String>
          </TextLine>
          <TextLine ID="eSc_line_ac4a1192"
                    TAGREFS="LT325"
                    BASELINE="64 1769 493 1746 1760 1637 1935 1633" 
                    HPOS="58"
                    VPOS="1582"
                    WIDTH="1877"
                    HEIGHT="209">
            <Shape><Polygon POINTS="1832 1582 1711 1601 1678 1605 1652 1605 1567 1601 1555 1603 1535 1605 1530 1605 1455 1619 1426 1625 1415 1623 1389 1615 1379 1615 1360 1617 1340 1619 1321 1621 1301 1621 1292 1621 1274 1633 1263 1640 1103 1652 1077 1646 1064 1644 1062 1644 1060 1644 1058 1644 1052 1648 1044 1654 1027 1650 1001 1646 999 1646 997 1646 968 1654 937 1666 840 1670 822 1666 803 1660 801 1660 799 1660 723 1674 610 1693 561 1685 539 1681 537 1681 491 1689 434 1701 417 1695 415 1695 413 1695 411 1695 409 1695 405 1697 368 1713 315 1703 302 1701 300 1701 58 1720 64 1769 64 1791 403 1777 553 1754 571 1752 573 1752 588 1759 590 1759 592 1759 658 1746 668 1744 688 1744 832 1744 832 1742 834 1742 880 1726 886 1726 888 1726 923 1734 925 1734 1935 1640 1935 1633 1929 1584 1834 1582 1832 1582"/></Shape>
	    <String CONTENT="luc monitent de lengue pe leo par le ligne de sepaiatton des campt tur du"
                    HPOS="58"
                    VPOS="1582"
                    WIDTH="1877"
                    HEIGHT="209"
                    WC="0.9498239049356277"></String>
          </TextLine>
          <TextLine ID="eSc_line_31b20c23"
                    TAGREFS="LT325"
                    BASELINE="167 1833 284 1828" 
                    HPOS="165"
                    VPOS="1798"
                    WIDTH="119"
                    HEIGHT="59">
            <Shape><Polygon POINTS="167 1833 167 1857 284 1853 284 1828 278 1798 165 1808 167 1833"/></Shape>
	    <String CONTENT="3er"
                    HPOS="165"
                    VPOS="1798"
                    WIDTH="119"
                    HEIGHT="59"
                    WC="0.9999182820320129"></String>
          </TextLine>
          <TextLine ID="eSc_line_2c178b5d"
                    TAGREFS="LT325"
                    BASELINE="290 1824 341 1812 615 1792 943 1754 1479 1718 1935 1677" 
                    HPOS="284"
                    VPOS="1635"
                    WIDTH="1651"
                    HEIGHT="214">
            <Shape><Polygon POINTS="1892 1635 1682 1652 1680 1652 1652 1664 1639 1670 1627 1666 1607 1660 1606 1660 1604 1660 1516 1666 1514 1666 1473 1679 1444 1689 1278 1701 1261 1697 1249 1693 1247 1693 1245 1693 1243 1693 1241 1693 1235 1699 1229 1703 1216 1699 1188 1693 1186 1693 1185 1693 1183 1693 1126 1707 1087 1716 1042 1715 984 1711 982 1711 980 1711 978 1711 962 1720 957 1724 933 1722 880 1718 879 1718 877 1718 849 1730 828 1738 791 1734 744 1730 742 1730 740 1730 711 1742 686 1752 500 1765 473 1761 444 1755 442 1755 440 1755 401 1767 368 1777 284 1777 290 1824 292 1849 666 1822 668 1822 688 1812 709 1802 725 1808 736 1814 738 1814 740 1814 742 1814 744 1814 744 1812 752 1806 769 1789 791 1789 843 1798 884 1804 886 1804 982 1785 1075 1765 1112 1771 1161 1781 1163 1781 1165 1781 1204 1763 1227 1752 1383 1746 1385 1746 1399 1755 1401 1755 1403 1755 1405 1757 1405 1755 1407 1755 1409 1755 1428 1742 1434 1738 1454 1740 1496 1744 1498 1744 1500 1744 1528 1732 1545 1726 1555 1730 1588 1742 1590 1742 1592 1742 1594 1742 1596 1742 1625 1722 1633 1718 1933 1693 1935 1677 1929 1642 1894 1635 1892 1635"/></Shape>
	    <String CONTENT="toites de foug au led par una aue de mcaroe suds una eue de dia nbes"
                    HPOS="284"
                    VPOS="1635"
                    WIDTH="1651"
                    HEIGHT="214"
                    WC="0.9331609777667943"></String>
          </TextLine>
          <TextLine ID="eSc_line_591f36b1"
                    TAGREFS="LT325"
                    BASELINE="493 1870 549 1868" 
                    HPOS="489"
                    VPOS="1824"
                    WIDTH="60"
                    HEIGHT="78">
            <Shape><Polygon POINTS="493 1870 493 1902 549 1902 549 1868 543 1824 489 1830 493 1870"/></Shape>
	    <String CONTENT="224"
                    HPOS="489"
                    VPOS="1824"
                    WIDTH="60"
                    HEIGHT="78"
                    WC="0.9971965948740641"></String>
          </TextLine>
          <TextLine ID="eSc_line_7af32381"
                    TAGREFS="LT325"
                    BASELINE="686 1847 727 1837 1270 1787 1713 1763" 
                    HPOS="680"
                    VPOS="1716"
                    WIDTH="1033"
                    HEIGHT="164">
            <Shape><Polygon POINTS="686 1847 688 1880 939 1861 941 1861 943 1861 951 1855 978 1833 1087 1824 1107 1831 1109 1831 1110 1831 1112 1831 1153 1820 1173 1831 1175 1831 1177 1831 1179 1831 1181 1831 1185 1830 1216 1814 1261 1822 1263 1822 1264 1822 1270 1822 1340 1804 1354 1812 1356 1814 1358 1814 1360 1814 1362 1814 1364 1814 1370 1812 1391 1800 1436 1804 1537 1814 1539 1814 1541 1814 1621 1787 1633 1794 1635 1794 1637 1794 1639 1794 1641 1794 1643 1794 1643 1792 1645 1792 1650 1783 1652 1781 1713 1775 1713 1763 1709 1724 1623 1718 1621 1718 1619 1718 1578 1730 1539 1716 1537 1716 1535 1716 1533 1716 1506 1728 1461 1726 1459 1726 1457 1726 1455 1726 1432 1742 1337 1732 1335 1732 1245 1740 1243 1740 1241 1740 1220 1757 1196 1759 1157 1767 1114 1767 1110 1767 1087 1752 1085 1752 1083 1752 1081 1752 941 1779 906 1785 869 1785 779 1781 777 1781 775 1781 773 1781 762 1792 756 1796 742 1792 717 1787 715 1787 713 1787 711 1787 680 1796 686 1847"/></Shape>
	    <String CONTENT="l&#x27;amplacemant de la nnoréc Caty taint gansier"
                    HPOS="680"
                    VPOS="1716"
                    WIDTH="1033"
                    HEIGHT="164"
                    WC="0.9455559002028571"></String>
          </TextLine>
          <TextLine ID="eSc_line_0a093802"
                    TAGREFS="LT325"
                    BASELINE="432 1876 456 1874" 
                    HPOS="426"
                    VPOS="1818"
                    WIDTH="30"
                    HEIGHT="107">
            <Shape><Polygon POINTS="432 1876 434 1915 456 1925 456 1874 446 1818 426 1824 432 1876"/></Shape>
	    <String CONTENT="1"
                    HPOS="426"
                    VPOS="1818"
                    WIDTH="30"
                    HEIGHT="107"
                    WC="0.998988687992096"></String>
          </TextLine>
          <TextLine ID="eSc_line_0c16052b"
                    TAGREFS="LT325"
                    BASELINE="54 1904 268 1902 319 1888" 
                    HPOS="52"
                    VPOS="1843"
                    WIDTH="267"
                    HEIGHT="98">
            <Shape><Polygon POINTS="54 1904 56 1933 101 1917 124 1929 144 1939 146 1939 148 1941 194 1941 194 1939 196 1939 226 1923 241 1913 247 1921 263 1935 263 1937 265 1937 267 1937 268 1937 270 1937 272 1937 298 1917 307 1911 313 1917 319 1888 307 1843 210 1870 138 1870 107 1849 105 1849 103 1849 52 1849 54 1904"/></Shape>
	    <String CONTENT="à Juaont soi"
                    HPOS="52"
                    VPOS="1843"
                    WIDTH="267"
                    HEIGHT="98"
                    WC="0.8993455469608307"></String>
          </TextLine>
          <TextLine ID="eSc_line_793c1eef"
                    TAGREFS="LT325"
                    BASELINE="337 1950 715 1919 836 1892 984 1878 1524 1847 1822 1816 1949 1816" 
                    HPOS="331"
                    VPOS="1777"
                    WIDTH="1618"
                    HEIGHT="189">
            <Shape><Polygon POINTS="337 1950 337 1966 912 1931 914 1931 916 1931 935 1917 949 1909 1001 1911 1011 1911 1013 1911 1034 1909 1169 1888 1188 1896 1210 1904 1212 1904 1214 1904 1296 1902 1298 1902 1300 1902 1321 1884 1333 1876 1366 1880 1426 1888 1428 1888 1430 1888 1465 1872 1469 1872 1557 1876 1559 1876 1561 1876 1598 1861 1613 1853 1949 1830 1949 1816 1945 1787 1884 1791 1863 1777 1861 1777 1859 1777 1857 1777 1855 1777 1781 1798 1775 1800 1734 1802 1693 1802 1635 1787 1633 1787 1631 1787 1563 1789 1561 1789 1559 1789 1524 1814 1450 1794 1448 1794 1446 1794 1112 1820 1110 1820 1109 1820 1073 1843 1038 1826 1036 1826 1034 1826 980 1830 978 1830 976 1830 941 1853 810 1853 808 1853 806 1853 804 1853 773 1872 769 1874 767 1872 754 1867 752 1867 750 1867 748 1867 728 1876 719 1880 331 1904 337 1950"/></Shape>
	    <String CONTENT="des Bâtementt, amtiet et clave dut le dit temeind consistant en une"
                    HPOS="331"
                    VPOS="1777"
                    WIDTH="1618"
                    HEIGHT="189"
                    WC="0.9459085864807243"></String>
          </TextLine>
          <TextLine ID="eSc_line_d3ebbf28"
                    TAGREFS="LT325"
                    BASELINE="300 2015 623 1995 1005 1941 1416 1907 1654 1898 1861 1872 1949 1872" 
                    HPOS="296"
                    VPOS="1826"
                    WIDTH="1653"
                    HEIGHT="220">
            <Shape><Polygon POINTS="300 2015 304 2046 350 2030 419 2034 422 2034 424 2034 426 2034 428 2034 483 2015 535 2022 580 2030 582 2030 857 2005 859 2005 861 2005 880 1989 892 1980 912 1985 916 1987 918 1987 919 1987 921 1987 923 1987 927 1985 947 1970 1091 1958 1118 1966 1146 1974 1148 1974 1149 1974 1321 1962 1323 1962 1416 1937 1457 1925 1485 1929 1555 1941 1557 1941 1559 1941 1637 1913 1664 1904 1750 1904 1758 1904 1808 1917 1810 1917 1812 1917 1814 1917 1875 1890 1886 1884 1949 1882 1949 1872 1943 1828 1814 1826 1812 1826 1810 1826 1808 1826 1785 1843 1783 1845 1656 1855 1654 1855 1600 1845 1598 1845 1596 1845 1557 1861 1526 1853 1524 1853 1522 1853 1520 1853 1518 1853 1518 1855 1502 1867 1465 1859 1463 1859 1461 1859 1409 1878 1405 1878 1399 1878 1313 1874 1311 1874 1309 1874 1307 1874 1290 1888 1268 1880 1266 1880 1264 1880 1263 1880 1204 1896 1177 1886 1175 1886 1173 1886 1171 1886 1132 1904 1130 1904 1095 1892 1093 1892 1091 1892 1003 1900 1001 1900 943 1919 902 1913 900 1913 738 1939 728 1941 727 1941 689 1929 688 1929 686 1929 684 1929 635 1948 563 1943 561 1943 559 1943 475 1964 471 1964 469 1964 399 1956 397 1956 296 1980 300 2015"/></Shape>
	    <String CONTENT="naison paistipale en coarpeante de iingt quatre prade de leng bur quiare"
                    HPOS="296"
                    VPOS="1826"
                    WIDTH="1653"
                    HEIGHT="220"
                    WC="0.9528974812063906"></String>
          </TextLine>
          <TextLine ID="eSc_line_32c42d65"
                    TAGREFS="LT325"
                    BASELINE="1383 2007 1465 2005" 
                    HPOS="1381"
                    VPOS="1980"
                    WIDTH="84"
                    HEIGHT="46">
            <Shape><Polygon POINTS="1383 2007 1383 2026 1463 2024 1465 2005 1461 1982 1381 1980 1383 2007"/></Shape>
	    <String CONTENT="323"
                    HPOS="1381"
                    VPOS="1980"
                    WIDTH="84"
                    HEIGHT="46"
                    WC="0.999999205271403"></String>
          </TextLine>
          <TextLine ID="eSc_line_7d50525a"
                    TAGREFS="LT325"
                    BASELINE="29 2050 274 2054" 
                    HPOS="27"
                    VPOS="1978"
                    WIDTH="247"
                    HEIGHT="109">
            <Shape><Polygon POINTS="29 2050 27 2073 40 2085 40 2087 42 2087 44 2087 46 2087 272 2073 274 2054 268 1980 220 1993 206 1982 204 1980 202 1980 200 1980 198 1980 157 1983 103 1991 93 1987 74 1978 72 1978 70 1978 68 1978 29 1989 29 2050"/></Shape>
	    <String CONTENT="nontee e"
                    HPOS="27"
                    VPOS="1978"
                    WIDTH="247"
                    HEIGHT="109"
                    WC="0.8273281455039978"></String>
          </TextLine>
          <TextLine ID="eSc_line_51f4ae53"
                    TAGREFS="LT325"
                    BASELINE="307 2079 461 2077" 
                    HPOS="306"
                    VPOS="2015"
                    WIDTH="155"
                    HEIGHT="111">
            <Shape><Polygon POINTS="307 2079 309 2126 341 2114 370 2126 372 2126 374 2126 376 2126 378 2126 380 2126 407 2112 459 2124 461 2077 456 2015 306 2024 307 2079"/></Shape>
	    <String CONTENT="de Pare"
                    HPOS="306"
                    VPOS="2015"
                    WIDTH="155"
                    HEIGHT="111"
                    WC="0.9004671488489423"></String>
          </TextLine>
          <TextLine ID="eSc_line_36e51b58"
                    TAGREFS="LT325"
                    BASELINE="539 2054 670 2052 863 2017 1220 1987 1418 1960 1652 1954 1923 1935" 
                    HPOS="535"
                    VPOS="1880"
                    WIDTH="1388"
                    HEIGHT="195">
            <Shape><Polygon POINTS="539 2054 539 2075 908 2058 910 2058 912 2058 931 2044 968 2019 1019 2017 1054 2030 1056 2030 1058 2030 1060 2030 1062 2030 1062 2028 1077 2013 1142 2005 1206 2009 1208 2009 1350 1987 1485 1995 1487 1995 1489 1995 1533 1972 1615 1985 1629 1987 1631 1987 1633 1987 1650 1983 1693 1970 1711 1978 1734 1987 1736 1987 1738 1987 1773 1983 1775 1983 1777 1983 1795 1970 1814 1956 1923 1958 1923 1935 1917 1886 1873 1880 1871 1880 1869 1880 1867 1880 1853 1892 1824 1913 1795 1907 1793 1907 1791 1907 1754 1919 1695 1907 1654 1900 1652 1900 1650 1900 1648 1900 1625 1915 1615 1921 1539 1933 1500 1927 1436 1917 1434 1917 1432 1917 1340 1943 1311 1950 1268 1950 1245 1950 1243 1950 1241 1950 1239 1950 1239 1952 1237 1954 1224 1964 1186 1958 1107 1946 1105 1946 951 1958 949 1958 861 1991 847 1997 781 2001 775 1999 750 1991 748 1991 746 1991 744 1991 742 1991 721 2005 719 2007 535 2022 539 2054"/></Shape>
	    <String CONTENT="ccave au desooes une partie, daux patillons attenant parenis"
                    HPOS="535"
                    VPOS="1880"
                    WIDTH="1388"
                    HEIGHT="195"
                    WC="0.9729695310195287"></String>
          </TextLine>
          <TextLine ID="eSc_line_bccb702c"
                    TAGREFS="LT325"
                    BASELINE="869 2093 978 2073 1407 2042 1937 2024" 
                    HPOS="865"
                    VPOS="1980"
                    WIDTH="1072"
                    HEIGHT="126">
            <Shape><Polygon POINTS="869 2093 869 2106 945 2104 947 2104 949 2104 992 2085 1038 2097 1046 2098 1048 2098 1050 2098 1052 2098 1054 2098 1054 2097 1056 2097 1071 2081 1233 2081 1235 2081 1356 2065 1405 2071 1426 2073 1428 2073 1430 2073 1446 2069 1475 2059 1485 2065 1498 2075 1500 2075 1502 2075 1504 2075 1645 2067 1646 2067 1648 2067 1648 2065 1660 2056 1715 2063 1717 2063 1719 2063 1761 2046 1769 2044 1775 2046 1818 2058 1820 2058 1822 2058 1824 2058 1873 2042 1912 2052 1914 2052 1915 2052 1917 2052 1919 2052 1937 2036 1937 2024 1931 1993 1839 1993 1808 1980 1806 1980 1804 1980 1802 1980 1761 2001 1674 2005 1617 1993 1615 1993 1533 2013 1531 2013 1528 2013 1358 2011 1356 2011 1282 2026 1280 2026 1266 2015 1264 2015 1263 2015 1261 2015 1259 2015 1200 2030 1183 2017 1181 2017 1179 2017 1177 2017 1175 2017 1173 2017 1161 2026 1132 2015 1130 2015 1128 2015 1066 2024 1064 2024 1062 2024 1062 2026 1050 2038 1009 2022 1007 2022 1005 2022 941 2024 939 2024 937 2024 900 2046 900 2048 865 2048 869 2093"/></Shape>
	    <String CONTENT="aussé pavillent burn la aut avec caise au dasous"
                    HPOS="865"
                    VPOS="1980"
                    WIDTH="1072"
                    HEIGHT="126"
                    WC="0.9310753289610147"></String>
          </TextLine>
          <TextLine ID="eSc_line_31ba6877"
                    TAGREFS="LT325"
                    BASELINE="1442 2077 1463 2077" 
                    HPOS="1442"
                    VPOS="2050"
                    WIDTH="21"
                    HEIGHT="48">
            <Shape><Polygon POINTS="1442 2077 1442 2098 1463 2098 1463 2077 1461 2050 1442 2052 1442 2077"/></Shape>
	    <String CONTENT="5"
                    HPOS="1442"
                    VPOS="2050"
                    WIDTH="21"
                    HEIGHT="48"
                    WC="0.9998682737350464"></String>
          </TextLine>
          <TextLine ID="eSc_line_a606a1b5"
                    TAGREFS="LT325"
                    BASELINE="313 2149 557 2135 699 2114 771 2114 836 2098" 
                    HPOS="309"
                    VPOS="2061"
                    WIDTH="529"
                    HEIGHT="127">
            <Shape><Polygon POINTS="313 2149 315 2188 346 2186 348 2186 350 2186 350 2184 352 2184 366 2167 467 2167 469 2167 471 2167 532 2151 584 2159 586 2159 588 2159 666 2137 728 2141 730 2141 732 2141 734 2141 744 2134 767 2151 769 2151 771 2151 773 2151 838 2145 836 2098 828 2069 775 2079 758 2075 699 2061 697 2061 695 2061 693 2061 693 2063 674 2081 650 2065 649 2065 647 2065 645 2065 569 2071 567 2071 565 2071 535 2095 493 2104 467 2110 309 2122 313 2149"/></Shape>
	    <String CONTENT="par unt balutende n"
                    HPOS="309"
                    VPOS="2061"
                    WIDTH="529"
                    HEIGHT="127"
                    WC="0.9316053892436781"></String>
          </TextLine>
          <TextLine ID="eSc_line_a842a1db"
                    TAGREFS="LT325"
                    BASELINE="888 2124 953 2122" 
                    HPOS="886"
                    VPOS="2091"
                    WIDTH="67"
                    HEIGHT="56">
            <Shape><Polygon POINTS="888 2124 888 2147 953 2147 953 2122 947 2091 886 2098 888 2124"/></Shape>
	    <String CONTENT="540"
                    HPOS="886"
                    VPOS="2091"
                    WIDTH="67"
                    HEIGHT="56"
                    WC="0.9996126095453898"></String>
          </TextLine>
          <TextLine ID="eSc_line_bc229b3d"
                    TAGREFS="LT325"
                    BASELINE="60 2200 302 2194" 
                    HPOS="58"
                    VPOS="2153"
                    WIDTH="244"
                    HEIGHT="72">
            <Shape><Polygon POINTS="77 2167 58 2169 60 2200 60 2225 302 2219 302 2194 298 2165 222 2153 220 2153 218 2153 177 2165 169 2165 83 2165 77 2167"/></Shape>
	    <String CONTENT="dononnté ro"
                    HPOS="58"
                    VPOS="2153"
                    WIDTH="244"
                    HEIGHT="72"
                    WC="0.9405611103231256"></String>
          </TextLine>
          <TextLine ID="eSc_line_48f35433"
                    TAGREFS="LT325"
                    BASELINE="602 2194 635 2192" 
                    HPOS="600"
                    VPOS="2163"
                    WIDTH="35"
                    HEIGHT="50">
            <Shape><Polygon POINTS="602 2194 602 2213 635 2213 635 2192 629 2163 600 2167 602 2194"/></Shape>
	    <String CONTENT="2e"
                    HPOS="600"
                    VPOS="2163"
                    WIDTH="35"
                    HEIGHT="50"
                    WC="0.9989075362682343"></String>
          </TextLine>
          <TextLine ID="eSc_line_e73de9d8"
                    TAGREFS="LT325"
                    BASELINE="684 2182 1557 2112 1964 2095" 
                    HPOS="680"
                    VPOS="2048"
                    WIDTH="1284"
                    HEIGHT="163">
            <Shape><Polygon POINTS="684 2182 684 2202 707 2211 709 2211 711 2211 713 2211 715 2211 715 2210 730 2196 732 2194 845 2182 880 2184 943 2190 945 2190 947 2190 949 2190 968 2178 978 2173 988 2176 1019 2188 1021 2188 1023 2188 1081 2184 1083 2184 1136 2165 1151 2159 1222 2155 1233 2159 1253 2165 1255 2165 1257 2165 1259 2165 1282 2155 1294 2149 1301 2153 1327 2165 1329 2165 1331 2165 1415 2149 1531 2151 1533 2151 1535 2151 1537 2151 1537 2149 1551 2135 1563 2141 1565 2141 1567 2141 1569 2141 1617 2130 1641 2124 1652 2126 1680 2132 1682 2132 1684 2132 1685 2132 1685 2130 1687 2130 1693 2124 1695 2120 1703 2122 1740 2134 1742 2134 1744 2134 1824 2116 1925 2122 1927 2122 1929 2122 1964 2102 1964 2095 1960 2056 1929 2048 1927 2048 1925 2048 1923 2048 1896 2061 1884 2050 1882 2050 1880 2050 1878 2050 1777 2071 1769 2071 1767 2071 1728 2065 1726 2065 1724 2065 1687 2077 1670 2065 1668 2065 1666 2065 1664 2065 1662 2065 1660 2065 1645 2077 1512 2077 1510 2077 1508 2077 1506 2077 1491 2091 1457 2081 1455 2081 1454 2081 1452 2081 1416 2095 1268 2095 1266 2095 1264 2095 1190 2114 1188 2114 1169 2102 1167 2102 1165 2102 1163 2102 1079 2120 1046 2114 1044 2114 1042 2114 1040 2114 1029 2126 1009 2116 1007 2116 1005 2116 1003 2116 953 2132 951 2134 680 2151 684 2182"/></Shape>
	    <String CONTENT="uns anisive en appanti ayant au pignon au pierre, un bavin"
                    HPOS="680"
                    VPOS="2048"
                    WIDTH="1284"
                    HEIGHT="163"
                    WC="0.9655561488250206"></String>
          </TextLine>
          <TextLine ID="eSc_line_17871df9"
                    TAGREFS="LT325"
                    BASELINE="321 2221 569 2204" 
                    HPOS="315"
                    VPOS="2143"
                    WIDTH="254"
                    HEIGHT="107">
            <Shape><Polygon POINTS="321 2221 323 2250 352 2235 389 2241 401 2243 403 2243 405 2243 407 2243 415 2239 432 2227 463 2231 512 2237 514 2237 516 2237 569 2215 569 2204 561 2143 434 2149 432 2149 411 2161 407 2163 403 2161 387 2153 385 2153 383 2153 382 2153 315 2171 321 2221"/></Shape>
	    <String CONTENT="dére caton"
                    HPOS="315"
                    VPOS="2143"
                    WIDTH="254"
                    HEIGHT="107"
                    WC="0.89670130610466"></String>
          </TextLine>
          <TextLine ID="eSc_line_f2ebdde6"
                    TAGREFS="LT325"
                    BASELINE="38 2254 237 2262" 
                    HPOS="37"
                    VPOS="2217"
                    WIDTH="200"
                    HEIGHT="74">
            <Shape><Polygon POINTS="38 2254 37 2282 233 2291 237 2262 235 2225 38 2217 38 2254"/></Shape>
	    <String CONTENT="Nansaml"
                    HPOS="37"
                    VPOS="2217"
                    WIDTH="200"
                    HEIGHT="74"
                    WC="0.8566494967256274"></String>
          </TextLine>
          <TextLine ID="eSc_line_dcc4d415"
                    TAGREFS="LT325"
                    BASELINE="317 2289 762 2258 1569 2176 1814 2161 1968 2163" 
                    HPOS="311"
                    VPOS="2097"
                    WIDTH="1657"
                    HEIGHT="216">
            <Shape><Polygon POINTS="1951 2097 1910 2114 1876 2100 1875 2100 1873 2100 1849 2102 1812 2108 1810 2108 1808 2108 1767 2134 1684 2139 1668 2130 1666 2130 1664 2130 1662 2130 1660 2130 1617 2143 1563 2130 1557 2128 1555 2128 1553 2128 1551 2128 1539 2132 1440 2163 1376 2167 1323 2151 1317 2149 1315 2149 1313 2149 1311 2149 1298 2153 1202 2182 1151 2169 1149 2169 1148 2169 1146 2169 1110 2180 1081 2173 1077 2173 1075 2173 1073 2173 1071 2173 1066 2174 1005 2200 972 2194 970 2194 900 2208 871 2192 865 2190 863 2190 861 2190 859 2190 857 2190 851 2194 824 2211 799 2206 797 2206 795 2206 793 2206 791 2206 765 2221 734 2215 732 2215 571 2239 489 2227 465 2225 463 2225 311 2243 317 2289 319 2313 588 2295 621 2309 623 2309 625 2309 715 2301 717 2301 758 2280 764 2278 793 2278 842 2278 843 2278 882 2270 933 2258 1029 2258 1216 2256 1520 2229 1522 2229 1524 2229 1543 2217 1567 2204 1590 2213 1592 2213 1594 2213 1596 2213 1598 2213 1600 2213 1633 2196 1802 2182 1857 2192 1880 2196 1882 2196 1968 2182 1968 2163 1960 2097 1951 2097"/></Shape>
	    <String CONTENT="d&#x27;enion donsé prady des loug lur hais de large, dot la margelle et en pierre de lug."
                    HPOS="311"
                    VPOS="2097"
                    WIDTH="1657"
                    HEIGHT="216"
                    WC="0.9202831713926225"></String>
          </TextLine>
          <TextLine ID="eSc_line_98ff1274"
                    TAGREFS="LT325"
                    BASELINE="60 2323 171 2326" 
                    HPOS="58"
                    VPOS="2260"
                    WIDTH="113"
                    HEIGHT="92">
            <Shape><Polygon POINTS="58 2338 167 2352 171 2326 171 2276 152 2264 150 2264 148 2264 146 2264 144 2264 128 2270 116 2276 62 2260 60 2323 58 2338"/></Shape>
	    <String CONTENT="Crde"
                    HPOS="58"
                    VPOS="2260"
                    WIDTH="113"
                    HEIGHT="92"
                    WC="0.8876284658908844"></String>
          </TextLine>
          <TextLine ID="eSc_line_8082bf91"
                    TAGREFS="LT325"
                    BASELINE="189 2326 229 2328" 
                    HPOS="187"
                    VPOS="2280"
                    WIDTH="42"
                    HEIGHT="82">
            <Shape><Polygon POINTS="189 2326 187 2362 228 2358 229 2328 228 2280 189 2284 189 2326"/></Shape>
	    <String CONTENT="4"
                    HPOS="187"
                    VPOS="2280"
                    WIDTH="42"
                    HEIGHT="82"
                    WC="0.9999628067016602"></String>
          </TextLine>
          <TextLine ID="eSc_line_351761dd"
                    TAGREFS="LT325"
                    BASELINE="278 2330 257 2330" 
                    HPOS="257"
                    VPOS="2289"
                    WIDTH="21"
                    HEIGHT="90">
            <Shape><Polygon POINTS="257 2330 257 2379 278 2379 278 2330 276 2289 257 2289 257 2330"/></Shape>
	    <String CONTENT=""
                    HPOS="257"
                    VPOS="2289"
                    WIDTH="21"
                    HEIGHT="90"></String>
          </TextLine>
          <TextLine ID="eSc_line_b4c71d05"
                    TAGREFS="LT325"
                    BASELINE="70 2385 128 2385" 
                    HPOS="70"
                    VPOS="2340"
                    WIDTH="58"
                    HEIGHT="72">
            <Shape><Polygon POINTS="70 2385 70 2410 126 2412 128 2385 128 2354 70 2340 70 2385"/></Shape>
	    <String CONTENT="d"
                    HPOS="70"
                    VPOS="2340"
                    WIDTH="58"
                    HEIGHT="72"
                    WC="0.9975036978721619"></String>
          </TextLine>
          <TextLine ID="eSc_line_a93de5b3"
                    TAGREFS="LT325"
                    BASELINE="354 2360 547 2354 990 2303 1797 2237 1949 2233" 
                    HPOS="348"
                    VPOS="2182"
                    WIDTH="1601"
                    HEIGHT="219">
            <Shape><Polygon POINTS="354 2360 356 2401 497 2391 512 2389 635 2360 754 2365 791 2365 793 2365 795 2365 818 2358 863 2344 951 2346 1019 2346 1021 2346 1023 2346 1050 2336 1073 2326 1099 2330 1132 2336 1134 2336 1136 2336 1163 2325 1185 2315 1200 2321 1220 2328 1222 2328 1224 2328 1225 2328 1272 2313 1296 2307 1327 2309 1405 2313 1407 2313 1409 2313 1465 2295 1477 2291 1483 2293 1502 2301 1504 2301 1506 2301 1508 2301 1510 2301 1526 2291 1588 2293 1590 2293 1592 2293 1623 2280 1637 2274 1658 2276 1697 2280 1699 2280 1701 2280 1721 2270 1728 2266 1748 2268 1791 2270 1793 2270 1949 2247 1949 2233 1943 2194 1830 2200 1791 2182 1789 2182 1787 2182 1662 2194 1660 2194 1658 2194 1625 2213 1553 2206 1551 2206 1549 2206 1508 2225 1504 2227 1502 2227 1483 2217 1481 2217 1479 2217 1422 2219 1420 2219 1418 2219 1401 2235 1397 2237 1391 2235 1360 2225 1358 2225 1356 2225 1224 2245 1151 2237 1149 2237 1085 2245 1083 2245 1050 2260 1031 2270 1003 2264 997 2264 995 2264 982 2266 912 2280 898 2272 880 2260 879 2260 877 2260 875 2260 748 2272 746 2272 709 2287 670 2301 580 2299 578 2299 576 2299 574 2299 553 2311 461 2311 459 2311 458 2311 417 2323 348 2315 354 2360"/></Shape>
	    <String CONTENT="du droit des lix signés, denu daquis par quar haptote Leolit arécedent"
                    HPOS="348"
                    VPOS="2182"
                    WIDTH="1601"
                    HEIGHT="219"
                    WC="0.9626362012965338"></String>
          </TextLine>
          <TextLine ID="eSc_line_e2aae911"
                    TAGREFS="LT325"
                    BASELINE="72 2451 113 2455" 
                    HPOS="68"
                    VPOS="2397"
                    WIDTH="46"
                    HEIGHT="95">
            <Shape><Polygon POINTS="72 2451 68 2488 107 2492 113 2455 114 2408 76 2397 72 2451"/></Shape>
	    <String CONTENT="5"
                    HPOS="68"
                    VPOS="2397"
                    WIDTH="46"
                    HEIGHT="95"
                    WC="0.9997672438621521"></String>
          </TextLine>
          <TextLine ID="eSc_line_08cbab85"
                    TAGREFS="LT325"
                    BASELINE="319 2436 606 2418 1052 2358 1313 2346 1931 2289" 
                    HPOS="315"
                    VPOS="2235"
                    WIDTH="1616"
                    HEIGHT="243">
            <Shape><Polygon POINTS="319 2436 321 2478 446 2469 448 2469 454 2467 500 2445 573 2441 594 2451 600 2453 602 2453 604 2453 606 2453 608 2453 613 2449 621 2441 637 2445 649 2449 650 2449 652 2449 795 2436 797 2436 820 2426 838 2418 865 2420 914 2424 916 2424 918 2424 943 2410 986 2389 1140 2375 1272 2375 1333 2375 1333 2373 1335 2373 1337 2373 1337 2371 1344 2365 1354 2358 1372 2364 1401 2371 1403 2371 1405 2371 1407 2371 1409 2371 1428 2356 1438 2350 1457 2354 1522 2365 1524 2365 1526 2365 1572 2340 1590 2330 1676 2328 1711 2328 1746 2338 1748 2338 1750 2338 1929 2299 1931 2289 1919 2235 1894 2250 1839 2249 1837 2249 1836 2249 1806 2262 1752 2252 1750 2252 1748 2252 1746 2252 1744 2252 1703 2274 1545 2287 1491 2280 1489 2280 1487 2280 1399 2301 1323 2295 1321 2295 1319 2295 1317 2295 1315 2295 1298 2311 1266 2301 1263 2299 1261 2299 1259 2299 1257 2299 1251 2301 1216 2321 1142 2325 1112 2317 1101 2313 1099 2313 1097 2313 1054 2317 1052 2317 1050 2317 1042 2323 1029 2334 995 2328 976 2325 974 2325 972 2325 958 2330 931 2346 908 2336 898 2332 896 2332 894 2332 842 2342 769 2358 717 2356 670 2354 668 2354 545 2365 543 2365 510 2375 463 2393 315 2395 319 2436"/></Shape>
	    <String CONTENT="prepri a fairq, du tiye Dapt vuésant au att ets signatine prlire du huit"
                    HPOS="315"
                    VPOS="2235"
                    WIDTH="1616"
                    HEIGHT="243"
                    WC="0.8659006700747542"></String>
          </TextLine>
          <TextLine ID="eSc_line_a631f874"
                    TAGREFS="LT325"
                    BASELINE="171 2457 268 2455" 
                    HPOS="169"
                    VPOS="2410"
                    WIDTH="99"
                    HEIGHT="76">
            <Shape><Polygon POINTS="171 2457 171 2486 268 2484 268 2455 263 2410 169 2414 171 2457"/></Shape>
	    <String CONTENT="DATx"
                    HPOS="169"
                    VPOS="2410"
                    WIDTH="99"
                    HEIGHT="76"
                    WC="0.9984878301620483"></String>
          </TextLine>
          <TextLine ID="eSc_line_00cb07f4"
                    TAGREFS="LT325"
                    BASELINE="311 2498 641 2492 1089 2428 1956 2356" 
                    HPOS="307"
                    VPOS="2309"
                    WIDTH="1649"
                    HEIGHT="234">
            <Shape><Polygon POINTS="311 2498 315 2543 672 2514 674 2514 697 2508 740 2496 787 2498 824 2500 826 2500 828 2500 857 2492 898 2480 918 2486 935 2490 937 2490 939 2490 941 2490 964 2480 992 2471 1025 2475 1042 2477 1044 2477 1046 2477 1073 2471 1140 2453 1212 2455 1214 2455 1216 2455 1218 2455 1233 2445 1249 2453 1257 2455 1259 2455 1261 2455 1263 2455 1274 2449 1294 2441 1325 2445 1378 2451 1379 2451 1381 2451 1438 2434 1469 2424 1485 2430 1506 2438 1508 2438 1510 2438 1623 2430 1625 2430 1662 2412 1674 2404 1956 2381 1956 2356 1951 2309 1917 2309 1915 2309 1914 2309 1912 2309 1908 2313 1888 2326 1859 2317 1857 2317 1855 2317 1853 2317 1656 2332 1654 2332 1633 2338 1578 2354 1514 2350 1475 2348 1473 2348 1471 2348 1469 2348 1457 2356 1440 2365 1409 2360 1391 2358 1389 2358 1387 2358 1378 2364 1356 2375 1261 2375 1161 2375 1159 2375 1157 2375 1132 2387 1112 2395 1062 2393 986 2391 984 2391 982 2391 935 2406 912 2412 888 2410 834 2404 832 2404 830 2404 795 2420 781 2426 627 2438 604 2438 498 2434 497 2434 495 2434 448 2453 444 2455 307 2465 311 2498"/></Shape>
	    <String CONTENT="gain mil dept aent quesevingt dit amée an contrat de vente des di ernair"
                    HPOS="307"
                    VPOS="2309"
                    WIDTH="1649"
                    HEIGHT="234"
                    WC="0.904274958703253"></String>
          </TextLine>
          <TextLine ID="eSc_line_27bf1437"
                    TAGREFS="LT325"
                    BASELINE="304 2570 543 2562 775 2541 964 2510 1290 2475 1962 2438" 
                    HPOS="300"
                    VPOS="2395"
                    WIDTH="1662"
                    HEIGHT="202">
            <Shape><Polygon POINTS="304 2570 304 2588 356 2597 358 2597 360 2597 362 2597 362 2595 372 2588 502 2588 504 2588 594 2570 921 2558 923 2558 925 2558 958 2537 972 2529 1009 2527 1019 2533 1042 2549 1044 2549 1046 2549 1048 2549 1089 2547 1091 2547 1157 2521 1177 2516 1190 2519 1218 2527 1220 2527 1222 2527 1224 2527 1225 2527 1243 2516 1249 2512 1263 2514 1300 2521 1301 2521 1303 2521 1352 2508 1372 2502 1379 2506 1395 2512 1397 2512 1399 2512 1454 2500 1473 2512 1475 2512 1477 2512 1479 2512 1617 2510 1619 2510 1621 2510 1658 2484 1662 2480 1962 2459 1962 2438 1956 2397 1865 2412 1843 2404 1814 2395 1812 2395 1810 2395 1650 2406 1648 2406 1646 2406 1619 2422 1607 2430 1569 2426 1477 2418 1475 2418 1473 2418 1385 2440 1272 2436 1270 2436 1175 2451 1148 2441 1146 2441 1144 2441 1042 2461 992 2455 990 2455 988 2455 943 2477 933 2480 914 2478 845 2473 843 2473 842 2473 840 2473 824 2486 822 2486 818 2486 740 2482 738 2482 736 2482 688 2498 682 2500 300 2527 304 2570"/></Shape>
	    <String CONTENT="et atresant den soitt en farqne de aeutoine comt par le ditoyals le ler devant"
                    HPOS="300"
                    VPOS="2395"
                    WIDTH="1662"
                    HEIGHT="202"
                    WC="0.88959901034832"></String>
          </TextLine>
          <TextLine ID="eSc_line_74a908f1"
                    TAGREFS="LT325"
                    BASELINE="1426 2611 1615 2609" 
                    HPOS="1424"
                    VPOS="2564"
                    WIDTH="191"
                    HEIGHT="72">
            <Shape><Polygon POINTS="1426 2611 1426 2619 1611 2636 1615 2609 1611 2570 1424 2564 1426 2611"/></Shape>
	    <String CONTENT="37I"
                    HPOS="1424"
                    VPOS="2564"
                    WIDTH="191"
                    HEIGHT="72"
                    WC="0.9996724128723145"></String>
          </TextLine>
          <TextLine ID="eSc_line_eda03d7f"
                    TAGREFS="LT325"
                    BASELINE="309 2644 678 2625 1188 2558 1982 2516" 
                    HPOS="306"
                    VPOS="2463"
                    WIDTH="1676"
                    HEIGHT="214">
            <Shape><Polygon POINTS="596 2558 584 2558 547 2578 541 2580 399 2590 393 2590 346 2582 344 2582 343 2582 306 2593 309 2644 313 2677 370 2664 426 2668 428 2668 430 2668 475 2646 541 2658 551 2660 553 2660 818 2640 820 2640 822 2640 832 2634 842 2629 863 2631 890 2634 892 2634 894 2634 896 2634 906 2627 931 2613 976 2619 978 2619 980 2619 1005 2607 1038 2617 1042 2617 1044 2617 1046 2617 1048 2617 1056 2615 1095 2601 1116 2609 1134 2617 1136 2617 1138 2617 1218 2611 1220 2611 1247 2599 1272 2588 1356 2590 1401 2590 1403 2590 1405 2590 1420 2584 1432 2580 1440 2582 1465 2590 1467 2590 1469 2590 1471 2590 1524 2574 1535 2572 1541 2574 1574 2584 1576 2584 1578 2584 1580 2584 1627 2566 1645 2560 1680 2562 1802 2568 1804 2568 1806 2568 1853 2547 1861 2543 1982 2535 1982 2516 1974 2463 1937 2477 1910 2469 1908 2469 1906 2469 1904 2469 1754 2490 1670 2486 1637 2486 1635 2486 1633 2486 1631 2486 1627 2490 1617 2498 1600 2492 1584 2488 1582 2488 1580 2488 1578 2488 1576 2488 1569 2494 1557 2504 1514 2500 1463 2494 1461 2494 1305 2506 1303 2506 1301 2506 1282 2517 1270 2525 1253 2519 1229 2514 1227 2514 1225 2514 1142 2517 1140 2517 1099 2533 1085 2539 1027 2539 877 2541 875 2541 873 2541 855 2553 847 2556 818 2554 771 2553 769 2553 715 2564 691 2568 688 2566 672 2554 670 2554 668 2554 666 2554 602 2556 596 2558"/></Shape>
	    <String CONTENT="durand notaice dualle alouite e aut favin milsegt reut quatre vingt quatone"
                    HPOS="306"
                    VPOS="2463"
                    WIDTH="1676"
                    HEIGHT="214"
                    WC="0.8520642671982447"></String>
          </TextLine>
          <TextLine ID="eSc_line_4201bb60"
                    TAGREFS="LT325"
                    BASELINE="130 2666 187 2666" 
                    HPOS="130"
                    VPOS="2629"
                    WIDTH="57"
                    HEIGHT="81">
            <Shape><Polygon POINTS="169 2629 130 2632 130 2666 130 2708 185 2710 187 2666 185 2629 169 2629"/></Shape>
	    <String CONTENT="1"
                    HPOS="130"
                    VPOS="2629"
                    WIDTH="57"
                    HEIGHT="81"
                    WC="0.9999990463256836"></String>
          </TextLine>
          <TextLine ID="eSc_line_4b513fdd"
                    TAGREFS="LT325"
                    BASELINE="85 2668 122 2666" 
                    HPOS="81"
                    VPOS="2621"
                    WIDTH="41"
                    HEIGHT="76">
            <Shape><Polygon POINTS="101 2623 81 2621 85 2668 85 2695 120 2697 122 2666 116 2623 101 2623"/></Shape>
	    <String CONTENT="4"
                    HPOS="81"
                    VPOS="2621"
                    WIDTH="41"
                    HEIGHT="76"
                    WC="0.9999006986618042"></String>
          </TextLine>
          <TextLine ID="eSc_line_dabbd3f1"
                    TAGREFS="LT325"
                    BASELINE="56 2722 274 2726" 
                    HPOS="54"
                    VPOS="2679"
                    WIDTH="220"
                    HEIGHT="74">
            <Shape><Polygon POINTS="56 2722 54 2747 210 2744 270 2753 274 2726 272 2695 175 2697 56 2679 56 2722"/></Shape>
	    <String CONTENT="tos a"
                    HPOS="54"
                    VPOS="2679"
                    WIDTH="220"
                    HEIGHT="74"
                    WC="0.9834061980247497"></String>
          </TextLine>
          <TextLine ID="eSc_line_3fbb870f"
                    TAGREFS="LT325"
                    BASELINE="311 2720 1036 2648 1323 2638" 
                    HPOS="307"
                    VPOS="2584"
                    WIDTH="1016"
                    HEIGHT="161">
            <Shape><Polygon POINTS="311 2736 378 2745 380 2745 444 2740 446 2740 448 2740 471 2724 477 2722 500 2722 592 2726 594 2726 670 2710 721 2699 728 2705 738 2712 740 2712 742 2712 744 2712 806 2699 875 2685 914 2691 937 2695 939 2695 941 2695 968 2687 1027 2671 1120 2673 1122 2673 1124 2673 1126 2673 1142 2662 1186 2668 1188 2668 1190 2668 1243 2654 1323 2660 1323 2638 1315 2584 1095 2611 1064 2603 1038 2597 1036 2597 1034 2597 1033 2597 995 2609 980 2613 966 2611 925 2605 923 2605 921 2605 919 2605 900 2617 877 2631 857 2621 847 2615 845 2615 843 2615 842 2615 840 2615 830 2623 812 2634 764 2629 738 2625 736 2625 674 2634 557 2656 532 2646 520 2642 518 2642 516 2642 514 2642 512 2642 504 2648 485 2668 452 2669 405 2658 391 2654 389 2654 387 2654 385 2654 362 2660 327 2671 307 2666 311 2720 311 2736"/></Shape>
	    <String CONTENT="contrelé le quurt de mêint ndis. d"
                    HPOS="307"
                    VPOS="2584"
                    WIDTH="1016"
                    HEIGHT="161"
                    WC="0.9647834143217873"></String>
          </TextLine>
          <TextLine ID="eSc_line_4795d603"
                    TAGREFS="LT325"
                    BASELINE="181 2784 290 2784" 
                    HPOS="181"
                    VPOS="2730"
                    WIDTH="109"
                    HEIGHT="93">
            <Shape><Polygon POINTS="181 2784 181 2812 220 2808 288 2823 290 2784 290 2744 181 2730 181 2784"/></Shape>
	    <String CONTENT="1aé"
                    HPOS="181"
                    VPOS="2730"
                    WIDTH="109"
                    HEIGHT="93"
                    WC="0.9709401528040568"></String>
          </TextLine>
          <TextLine ID="eSc_line_50e17638"
                    TAGREFS="LT325"
                    BASELINE="323 2783 658 2759 1001 2714 1280 2695 1391 2675 1707 2646 1952 2636" 
                    HPOS="317"
                    VPOS="2597"
                    WIDTH="1635"
                    HEIGHT="215">
            <Shape><Polygon POINTS="323 2783 327 2812 356 2796 387 2806 403 2810 405 2810 407 2810 571 2796 573 2796 596 2784 619 2775 641 2781 654 2784 656 2784 658 2784 660 2784 674 2777 705 2761 750 2771 760 2771 762 2771 781 2767 863 2747 898 2753 900 2753 1017 2738 1025 2744 1042 2753 1044 2753 1046 2753 1048 2753 1050 2753 1079 2738 1093 2730 1120 2734 1171 2740 1173 2740 1175 2740 1177 2740 1192 2726 1198 2722 1218 2724 1296 2732 1298 2732 1300 2732 1372 2714 1407 2720 1409 2720 1411 2720 1413 2720 1442 2701 1455 2693 1516 2689 1526 2693 1557 2707 1559 2707 1561 2707 1648 2701 1650 2701 1652 2701 1689 2677 1697 2671 1740 2671 1876 2669 1952 2650 1952 2636 1945 2597 1095 2656 941 2685 939 2685 877 2675 875 2675 765 2701 764 2701 637 2697 635 2697 633 2697 586 2716 524 2707 522 2707 520 2707 473 2728 337 2730 335 2730 317 2738 323 2783"/></Shape>
	    <String CONTENT="et epint au le di treris et Batui de pousniqant et am portent vant"
                    HPOS="317"
                    VPOS="2597"
                    WIDTH="1635"
                    HEIGHT="215"
                    WC="0.8656152644843766"></String>
          </TextLine>
          <TextLine ID="eSc_line_2f65ecc5"
                    TAGREFS="LT325"
                    BASELINE="1081 2767 1631 2734" 
                    HPOS="1077"
                    VPOS="2701"
                    WIDTH="554"
                    HEIGHT="99">
            <Shape><Polygon POINTS="1081 2767 1083 2800 1255 2790 1257 2790 1259 2790 1259 2788 1261 2786 1282 2769 1455 2769 1465 2769 1467 2769 1469 2769 1471 2769 1489 2757 1512 2765 1537 2773 1539 2773 1541 2773 1631 2753 1631 2734 1627 2705 1479 2710 1475 2710 1438 2701 1436 2701 1434 2701 1327 2716 1272 2724 1245 2720 1210 2714 1208 2714 1206 2714 1185 2722 1169 2728 1077 2728 1081 2767"/></Shape>
	    <String CONTENT="ao Mase ah iencpbims"
                    HPOS="1077"
                    VPOS="2701"
                    WIDTH="554"
                    HEIGHT="99"
                    WC="0.924191164970398"></String>
          </TextLine>
          <TextLine ID="eSc_line_eedf2af8"
                    TAGREFS="LT325"
                    BASELINE="869 2794 1011 2779" 
                    HPOS="861"
                    VPOS="2726"
                    WIDTH="152"
                    HEIGHT="94">
            <Shape><Polygon POINTS="869 2794 871 2820 1013 2812 1011 2779 1003 2726 861 2734 869 2794"/></Shape>
	    <String CONTENT="4et"
                    HPOS="861"
                    VPOS="2726"
                    WIDTH="152"
                    HEIGHT="94"
                    WC="0.8381378253300985"></String>
          </TextLine>
          <TextLine ID="eSc_line_09460868"
                    TAGREFS="LT325"
                    BASELINE="99 2851 114 2851" 
                    HPOS="99"
                    VPOS="2808"
                    WIDTH="15"
                    HEIGHT="127">
            <Shape><Polygon POINTS="99 2851 99 2935 114 2935 114 2851 113 2808 99 2808 99 2851"/></Shape>
	    <String CONTENT=""
                    HPOS="99"
                    VPOS="2808"
                    WIDTH="15"
                    HEIGHT="127"></String>
          </TextLine>
          <TextLine ID="eSc_line_9adb4a06"
                    TAGREFS="LT325"
                    BASELINE="120 2851 286 2851 810 2806" 
                    HPOS="120"
                    VPOS="2753"
                    WIDTH="690"
                    HEIGHT="131">
            <Shape><Polygon POINTS="120 2872 206 2872 239 2884 241 2884 243 2884 356 2859 358 2859 360 2859 419 2874 421 2874 422 2874 424 2874 493 2857 518 2866 520 2866 522 2866 594 2860 596 2860 647 2839 682 2835 748 2827 754 2829 764 2839 765 2839 767 2839 769 2839 771 2839 810 2825 810 2806 804 2753 678 2763 676 2763 674 2763 672 2765 645 2781 592 2773 578 2771 576 2771 574 2771 573 2771 569 2775 547 2792 528 2779 526 2777 524 2777 522 2777 520 2777 518 2777 510 2781 473 2802 421 2802 407 2790 405 2790 403 2790 401 2790 393 2790 300 2816 237 2818 220 2808 208 2800 206 2800 204 2800 202 2800 200 2800 177 2812 148 2825 120 2818 120 2851 120 2872"/></Shape>
	    <String CONTENT="entdu avu preceptun n nré"
                    HPOS="120"
                    VPOS="2753"
                    WIDTH="690"
                    HEIGHT="131"
                    WC="0.8532517349720001"></String>
          </TextLine>
          <TextLine ID="eSc_line_3b5cf6db"
                    TAGREFS="LT325"
                    BASELINE="124 2915 261 2915 596 2894" 
                    HPOS="122"
                    VPOS="2851"
                    WIDTH="474"
                    HEIGHT="113">
            <Shape><Polygon POINTS="124 2915 124 2942 157 2962 159 2962 161 2962 163 2964 196 2964 196 2962 198 2962 200 2962 239 2935 278 2933 304 2954 306 2954 307 2954 309 2954 368 2952 370 2952 372 2952 372 2950 374 2950 382 2938 393 2948 393 2950 395 2950 397 2950 399 2950 444 2948 446 2948 448 2948 448 2946 469 2923 596 2913 596 2894 590 2853 537 2862 528 2857 522 2851 520 2851 518 2851 516 2851 514 2851 487 2859 440 2872 415 2864 389 2855 387 2855 385 2855 298 2859 296 2859 261 2874 241 2884 122 2884 124 2915"/></Shape>
	    <String CONTENT="rq comb n napparien"
                    HPOS="122"
                    VPOS="2851"
                    WIDTH="474"
                    HEIGHT="113"
                    WC="0.8793727583006808"></String>
          </TextLine>
          <TextLine ID="eSc_line_fc05f86a"
                    TAGREFS="LT325"
                    BASELINE="625 2890 1066 2839 1972 2806" 
                    HPOS="621"
                    VPOS="2757"
                    WIDTH="1351"
                    HEIGHT="148">
            <Shape><Polygon POINTS="732 2814 732 2816 719 2829 621 2833 625 2890 625 2905 910 2892 912 2892 976 2870 995 2880 997 2880 999 2880 1001 2880 1003 2880 1003 2878 1015 2868 1058 2884 1060 2884 1062 2884 1064 2884 1066 2884 1068 2884 1068 2882 1087 2864 1202 2876 1214 2876 1216 2876 1218 2876 1220 2876 1220 2874 1237 2857 1268 2853 1372 2851 1409 2864 1415 2866 1416 2866 1418 2866 1465 2862 1467 2862 1469 2862 1471 2860 1496 2843 1604 2853 1627 2855 1629 2855 1631 2855 1633 2855 1637 2851 1656 2839 1674 2849 1676 2849 1678 2849 1680 2849 1682 2849 1746 2831 1761 2841 1763 2841 1765 2841 1767 2841 1769 2841 1799 2827 1859 2833 1861 2833 1947 2820 1966 2833 1972 2806 1966 2765 1635 2781 1604 2757 1602 2757 1600 2757 1598 2757 1416 2765 1415 2765 1356 2784 1296 2773 1294 2773 1292 2773 1261 2784 1163 2779 1161 2779 1159 2779 1157 2779 1138 2792 1046 2784 1044 2784 1042 2784 1040 2784 1007 2806 986 2794 984 2794 982 2794 890 2798 888 2798 847 2820 738 2814 736 2814 732 2814"/></Shape>
	    <String CONTENT="q les dis tu ra dapendances à&#x27;autine couvre au"
                    HPOS="621"
                    VPOS="2757"
                    WIDTH="1351"
                    HEIGHT="148"
                    WC="0.9079220048759294"></String>
          </TextLine>
          <TextLine ID="eSc_line_beee2684"
                    TAGREFS="LT325"
                    BASELINE="845 2927 1013 2911 1974 2874" 
                    HPOS="842"
                    VPOS="2825"
                    WIDTH="1132"
                    HEIGHT="125">
            <Shape><Polygon POINTS="845 2927 845 2950 984 2946 986 2946 990 2946 1040 2925 1075 2936 1077 2936 1079 2936 1081 2936 1083 2936 1083 2935 1085 2935 1093 2925 1183 2933 1185 2933 1186 2933 1212 2919 1257 2929 1259 2929 1261 2929 1294 2915 1319 2927 1325 2931 1327 2931 1329 2931 1354 2927 1428 2909 1506 2917 1524 2919 1526 2919 1549 2915 1627 2901 1670 2909 1717 2917 1719 2917 1867 2899 1906 2909 1908 2909 1910 2909 1912 2909 1914 2909 1931 2896 1937 2892 1972 2892 1974 2874 1970 2827 1933 2825 1931 2825 1929 2825 1927 2825 1923 2829 1908 2841 1888 2833 1886 2833 1884 2833 1730 2847 1707 2839 1693 2833 1691 2833 1689 2833 1687 2833 1685 2833 1678 2839 1664 2851 1646 2841 1635 2835 1633 2835 1631 2835 1629 2835 1606 2843 1567 2855 1522 2847 1489 2841 1487 2841 1485 2841 1483 2841 1473 2849 1459 2859 1416 2851 1378 2845 1376 2845 1339 2847 1337 2847 1335 2847 1325 2855 1311 2864 1229 2860 1169 2857 1167 2857 1165 2857 1149 2862 1136 2868 1120 2864 1089 2857 1087 2857 1085 2857 1083 2857 1081 2857 1066 2866 1058 2872 1034 2868 990 2860 988 2860 986 2860 960 2872 955 2876 842 2876 845 2927"/></Shape>
	    <String CONTENT="eefiet Sienant le contre sus morté de jean haptes"
                    HPOS="842"
                    VPOS="2825"
                    WIDTH="1132"
                    HEIGHT="125"
                    WC="0.9490563699177333"></String>
          </TextLine>
          <TextLine ID="eSc_line_eeca8995"
                    TAGREFS="LT325"
                    BASELINE="116 2981 268 2981 672 2954" 
                    HPOS="114"
                    VPOS="2907"
                    WIDTH="558"
                    HEIGHT="107">
            <Shape><Polygon POINTS="116 3003 210 3014 212 3014 270 3011 272 3011 274 3011 294 2995 300 2993 358 2993 506 2993 508 2993 510 2993 512 2993 522 2985 530 2979 557 2983 608 2991 610 2991 672 2977 672 2954 668 2921 641 2909 639 2909 637 2909 635 2909 594 2921 578 2909 578 2907 576 2907 574 2907 573 2907 532 2909 530 2909 469 2927 432 2938 288 2944 253 2935 251 2935 249 2935 247 2935 245 2935 245 2936 229 2948 114 2935 116 2981 116 3003"/></Shape>
	    <String CONTENT="tavingor vinger de l&#x27;cgu"
                    HPOS="114"
                    VPOS="2907"
                    WIDTH="558"
                    HEIGHT="107"
                    WC="0.8778305624922117"></String>
          </TextLine>
          <TextLine ID="eSc_line_75478a9a"
                    TAGREFS="LT325"
                    BASELINE="124 3055 551 3030 857 2981 1146 2962 1621 2946" 
                    HPOS="120"
                    VPOS="2890"
                    WIDTH="1501"
                    HEIGHT="189">
            <Shape><Polygon POINTS="1557 2892 1555 2892 1526 2907 1514 2913 1489 2911 1475 2909 1473 2909 1471 2909 1469 2909 1469 2911 1467 2911 1455 2925 1403 2925 1391 2917 1364 2903 1362 2903 1360 2903 1358 2903 1309 2921 1274 2907 1272 2907 1270 2907 1268 2907 1216 2923 1149 2915 1148 2915 1009 2933 945 2929 943 2929 941 2929 886 2948 828 2940 826 2940 824 2940 822 2940 795 2962 787 2968 767 2964 709 2956 707 2956 705 2956 674 2972 670 2972 633 2968 631 2968 629 2968 610 2977 604 2979 600 2977 578 2966 576 2966 574 2966 573 2966 571 2966 551 2981 547 2985 502 2987 489 2985 421 2972 411 2974 391 2974 372 2975 358 2975 315 2999 311 3001 120 3012 124 3055 128 3077 136 3071 146 3077 150 3079 152 3079 153 3079 155 3079 559 3051 561 3051 586 3044 658 3022 734 3034 771 3038 773 3038 775 3038 777 3038 787 3030 803 3018 840 3026 845 3026 847 3026 859 3024 951 3001 1151 2989 1171 3001 1175 3005 1177 3005 1179 3005 1181 3005 1183 3005 1192 3001 1222 2983 1426 2974 1477 2979 1531 2985 1533 2985 1535 2985 1563 2974 1570 2970 1621 2970 1621 2946 1617 2901 1567 2890 1557 2892"/></Shape>
	    <String CONTENT="risor dicles aiae cu papuséris qidt qu&#x27;il a puté ae dit ventna"
                    HPOS="120"
                    VPOS="2890"
                    WIDTH="1501"
                    HEIGHT="189"
                    WC="0.813447339159827"></String>
          </TextLine>
          <TextLine ID="eSc_line_83299982"
                    TAGREFS="LT325"
                    BASELINE="99 3114 526 3104" 
                    HPOS="97"
                    VPOS="3051"
                    WIDTH="429"
                    HEIGHT="88">
            <Shape><Polygon POINTS="99 3114 99 3133 259 3139 261 3139 304 3133 372 3124 524 3131 526 3104 518 3051 493 3061 387 3057 385 3057 383 3057 344 3073 302 3057 300 3057 298 3057 296 3057 249 3077 177 3077 97 3061 99 3114"/></Shape>
	    <String CONTENT="dn riitiburs prét"
                    HPOS="97"
                    VPOS="3051"
                    WIDTH="429"
                    HEIGHT="88"
                    WC="0.929920866208918"></String>
          </TextLine>
          <TextLine ID="eSc_line_3da60466"
                    TAGREFS="LT325"
                    BASELINE="571 3094 703 3069 1112 3032 1990 3018" 
                    HPOS="567"
                    VPOS="2964"
                    WIDTH="1423"
                    HEIGHT="142">
            <Shape><Polygon POINTS="1988 3001 1982 2972 1952 2964 1951 2964 1949 2964 1947 2964 1945 2964 1933 2975 1921 2985 1763 2989 1754 2981 1744 2974 1742 2974 1740 2974 1738 2974 1736 2974 1713 2983 1695 2991 1680 2985 1637 2968 1635 2968 1633 2968 1631 2968 1567 2983 1500 2972 1498 2972 1496 2972 1454 2993 1452 2995 1450 2995 1428 2985 1426 2985 1424 2985 1422 2985 1401 2995 1300 2987 1298 2987 1220 3003 1171 2983 1169 2983 1167 2983 992 2987 892 2995 890 2995 843 3018 842 3018 803 3003 801 3003 799 3003 797 3003 795 3003 773 3020 773 3022 680 3024 668 3014 666 3014 664 3014 662 3014 567 3028 571 3094 571 3106 859 3098 861 3098 894 3090 997 3059 1186 3055 1243 3071 1261 3075 1263 3075 1264 3075 1266 3075 1268 3075 1278 3069 1305 3051 1362 3050 1432 3050 1461 3059 1485 3067 1487 3067 1489 3067 1549 3055 1584 3067 1586 3067 1588 3067 1590 3067 1621 3050 1623 3050 1660 3067 1662 3067 1664 3067 1666 3067 1668 3067 1693 3046 1695 3044 1748 3040 1754 3044 1789 3067 1791 3067 1793 3067 1795 3069 1824 3069 1824 3067 1826 3067 1828 3067 1861 3042 1892 3057 1894 3057 1896 3057 1898 3057 1900 3057 1929 3034 1931 3032 1935 3034 1962 3042 1964 3042 1966 3042 1968 3042 1990 3030 1990 3018 1988 2997 1988 3001"/></Shape>
	    <String CONTENT="a la ditte louis et teilie ditte amo et des dedg enfants pouir du"
                    HPOS="567"
                    VPOS="2964"
                    WIDTH="1423"
                    HEIGHT="142"
                    WC="0.9235907981028924"></String>
          </TextLine>
          <TextLine ID="eSc_line_c3f6f597"
                    TAGREFS="LT325"
                    BASELINE="72 3164 292 3170 403 3153 785 3129 904 3108 1103 3092 1982 3092" 
                    HPOS="70"
                    VPOS="3048"
                    WIDTH="1912"
                    HEIGHT="134">
            <Shape><Polygon POINTS="1978 3071 1912 3051 1910 3051 1908 3051 1861 3061 1839 3048 1837 3048 1836 3048 1834 3048 1832 3048 1769 3067 1680 3055 1678 3055 1676 3055 1645 3065 1545 3048 1543 3048 1231 3063 1138 3053 1136 3053 1134 3053 1101 3067 984 3055 982 3055 769 3096 738 3102 715 3098 678 3090 676 3090 621 3100 582 3108 343 3108 343 3110 325 3110 280 3110 265 3112 245 3112 226 3112 206 3112 187 3112 167 3114 148 3114 128 3114 109 3114 107 3110 70 3110 72 3164 72 3176 331 3182 333 3182 471 3163 514 3157 522 3161 553 3178 555 3178 557 3178 717 3176 719 3176 803 3151 908 3116 1138 3114 1218 3135 1220 3135 1222 3135 1224 3135 1225 3135 1227 3135 1268 3112 1383 3129 1393 3129 1395 3129 1397 3129 1401 3127 1426 3116 1493 3116 1524 3124 1570 3137 1572 3137 1574 3137 1576 3137 1613 3120 1641 3108 1715 3118 1758 3122 1760 3122 1761 3122 1763 3122 1771 3114 1787 3104 1812 3114 1841 3124 1843 3124 1845 3124 1982 3106 1982 3092 1980 3079 1978 3071"/></Shape>
	    <String CONTENT="nl dit teies des Batisent et depandances à compter de ax goer tavoir Louise"
                    HPOS="70"
                    VPOS="3048"
                    WIDTH="1912"
                    HEIGHT="134"
                    WC="0.9196590618292491"></String>
          </TextLine>
          <TextLine ID="eSc_line_e448d744"
                    TAGREFS="LT325"
                    BASELINE="97 3225 510 3229" 
                    HPOS="95"
                    VPOS="3182"
                    WIDTH="415"
                    HEIGHT="80">
            <Shape><Polygon POINTS="504 3227 485 3227 465 3227 446 3227 426 3227 421 3203 409 3205 399 3198 391 3190 391 3188 389 3188 387 3188 311 3186 309 3186 307 3186 306 3186 300 3192 288 3200 274 3192 274 3190 272 3190 270 3190 268 3190 267 3190 265 3190 265 3192 253 3203 138 3203 101 3182 97 3225 95 3244 111 3260 111 3262 113 3262 114 3262 116 3262 118 3262 120 3262 136 3252 288 3262 290 3262 292 3262 346 3244 506 3246 510 3229 508 3227 504 3227"/></Shape>
	    <String CONTENT="aooor Lrun"
                    HPOS="95"
                    VPOS="3182"
                    WIDTH="415"
                    HEIGHT="80"
                    WC="0.9428447782993317"></String>
          </TextLine>
          <TextLine ID="eSc_line_3d94ee4c"
                    TAGREFS="LT325"
                    BASELINE="415 3205 477 3209 695 3196 982 3161 1118 3153 1954 3153" 
                    HPOS="415"
                    VPOS="3102"
                    WIDTH="1539"
                    HEIGHT="127">
            <Shape><Polygon POINTS="510 3147 493 3147 467 3155 452 3205 432 3203 415 3203 415 3205 415 3229 756 3223 803 3219 804 3219 806 3219 812 3213 830 3200 882 3211 888 3211 890 3211 892 3211 896 3209 925 3200 1056 3200 1056 3198 1058 3198 1128 3178 1151 3188 1153 3188 1155 3188 1157 3188 1179 3178 1360 3178 1378 3190 1379 3190 1381 3190 1383 3190 1389 3190 1500 3178 1576 3182 1582 3182 1606 3200 1607 3200 1609 3200 1611 3200 1613 3200 1662 3178 1684 3170 1781 3174 1802 3174 1857 3192 1859 3192 1861 3192 1863 3192 1954 3166 1954 3153 1952 3114 1859 3104 1857 3104 1855 3104 1826 3116 1799 3127 1765 3118 1703 3102 1701 3102 1699 3102 1572 3124 1563 3126 1559 3126 1504 3104 1502 3104 1500 3104 1498 3104 1465 3116 1430 3106 1428 3106 1426 3106 1424 3106 1422 3106 1405 3120 1372 3108 1370 3108 1249 3108 1247 3108 1245 3108 1243 3108 1224 3120 1204 3110 1202 3110 1200 3110 1042 3112 879 3129 877 3129 875 3129 851 3147 843 3153 532 3157 528 3157 514 3145 510 3147"/></Shape>
	    <String CONTENT="ditte se en nyatrent tentement pandant dasie et les deux enfanto"
                    HPOS="415"
                    VPOS="3102"
                    WIDTH="1539"
                    HEIGHT="127"
                    WC="0.9144721475895494"></String>
          </TextLine>
          <TextLine ID="eSc_line_32a9cdde"
                    TAGREFS="LT325"
                    BASELINE="113 3278 307 3287 493 3279 1161 3221 1915 3229" 
                    HPOS="111"
                    VPOS="3161"
                    WIDTH="1804"
                    HEIGHT="161">
            <Shape><Polygon POINTS="113 3278 113 3307 175 3303 189 3307 237 3322 239 3322 241 3322 691 3309 693 3309 695 3309 719 3293 851 3299 853 3299 855 3299 908 3281 964 3299 966 3299 968 3299 970 3299 1036 3276 1081 3258 1286 3254 1307 3266 1321 3276 1323 3276 1325 3276 1327 3276 1329 3276 1366 3264 1395 3276 1397 3276 1399 3276 1401 3276 1403 3276 1420 3262 1438 3250 1520 3256 1522 3256 1524 3256 1526 3256 1541 3246 1582 3256 1596 3258 1598 3258 1693 3252 1746 3248 1758 3248 1818 3258 1820 3258 1915 3242 1915 3229 1912 3186 1894 3176 1892 3176 1890 3176 1791 3178 1763 3161 1761 3161 1760 3161 1758 3161 1643 3172 1641 3172 1639 3172 1623 3184 1576 3178 1574 3178 1572 3178 1543 3192 1498 3168 1496 3168 1494 3168 1493 3168 1452 3186 1399 3172 1397 3172 1395 3172 1227 3176 1225 3176 1224 3176 1200 3194 1165 3178 1163 3178 1161 3178 1159 3178 1134 3188 1079 3180 1077 3180 935 3186 933 3186 900 3202 836 3188 834 3188 832 3188 830 3188 801 3205 769 3200 767 3200 765 3200 682 3225 676 3229 111 3242 113 3278"/></Shape>
	    <String CONTENT="Lan ol pupriest à aquelle licsnfut seus rent à lepoque du dicès de le ditte"
                    HPOS="111"
                    VPOS="3161"
                    WIDTH="1804"
                    HEIGHT="161"
                    WC="0.90944544672966"></String>
          </TextLine>
          <TextLine ID="eSc_line_63c51967"
                    TAGREFS="LT325"
                    BASELINE="992 3301 1208 3291 1621 3293" 
                    HPOS="990"
                    VPOS="3246"
                    WIDTH="631"
                    HEIGHT="86">
            <Shape><Polygon POINTS="992 3301 992 3311 1054 3330 1056 3330 1058 3330 1060 3330 1124 3313 1134 3311 1165 3311 1169 3313 1185 3328 1185 3330 1186 3330 1188 3330 1190 3332 1229 3332 1229 3330 1231 3330 1233 3330 1233 3328 1249 3315 1253 3311 1290 3311 1294 3315 1307 3326 1307 3328 1309 3328 1311 3328 1313 3328 1315 3328 1317 3328 1335 3315 1339 3311 1346 3315 1378 3328 1379 3328 1381 3328 1383 3328 1385 3328 1385 3326 1395 3318 1467 3328 1469 3328 1471 3328 1473 3328 1473 3326 1485 3317 1493 3311 1502 3317 1520 3328 1522 3328 1524 3328 1526 3328 1528 3328 1530 3328 1545 3317 1557 3309 1617 3317 1621 3293 1615 3246 1582 3262 1436 3252 1424 3252 1422 3252 1420 3252 1416 3252 1387 3262 1378 3254 1370 3246 1368 3246 1366 3246 1364 3246 1362 3246 1339 3256 1323 3262 1311 3256 1296 3248 1294 3248 1292 3248 1290 3248 1288 3248 1274 3258 1264 3264 1247 3258 1214 3248 1212 3248 1210 3248 1208 3248 1179 3260 1142 3248 1140 3248 1138 3248 1136 3248 1134 3248 1134 3250 1118 3262 1097 3248 1095 3248 1093 3248 1046 3248 1044 3248 1042 3248 990 3266 992 3301"/></Shape>
	    <String CONTENT="ponilo cogis cgldco. a "
                    HPOS="990"
                    VPOS="3246"
                    WIDTH="631"
                    HEIGHT="86"
                    WC="0.9193669596444005"></String>
          </TextLine>
          <TextLine ID="eSc_line_7a5df96e"
                    TAGREFS="LT325"
                    BASELINE="116 3357 711 3354" 
                    HPOS="114"
                    VPOS="3305"
                    WIDTH="597"
                    HEIGHT="82">
            <Shape><Polygon POINTS="116 3357 116 3387 346 3385 348 3385 370 3375 463 3383 465 3383 467 3383 469 3383 469 3381 479 3373 707 3383 711 3354 705 3305 590 3315 551 3305 549 3305 547 3305 545 3305 543 3305 541 3305 530 3315 512 3305 510 3305 508 3305 506 3305 504 3305 502 3305 458 3320 407 3311 405 3311 403 3311 401 3311 401 3313 391 3322 352 3307 350 3307 348 3307 346 3307 344 3307 323 3324 177 3324 114 3309 116 3357"/></Shape>
	    <String CONTENT="lion ant lermanaae"
                    HPOS="114"
                    VPOS="3305"
                    WIDTH="597"
                    HEIGHT="82"
                    WC="0.9622994462649027"></String>
          </TextLine>
          <TextLine ID="eSc_line_8e5ee322"
                    TAGREFS="LT325"
                    BASELINE="746 3354 869 3357 929 3371 1307 3361 1623 3371" 
                    HPOS="744"
                    VPOS="3291"
                    WIDTH="879"
                    HEIGHT="129">
            <Shape><Polygon POINTS="997 3301 995 3295 990 3293 988 3293 814 3291 812 3291 810 3291 791 3301 767 3313 750 3299 746 3354 744 3416 933 3414 1087 3389 1159 3398 1161 3398 1163 3398 1165 3398 1165 3396 1175 3389 1307 3389 1350 3414 1352 3414 1354 3414 1356 3414 1358 3414 1360 3414 1383 3398 1401 3416 1405 3418 1405 3420 1407 3420 1409 3420 1411 3420 1413 3420 1426 3416 1504 3389 1533 3414 1533 3416 1535 3416 1537 3416 1539 3416 1621 3414 1623 3371 1623 3326 1594 3309 1592 3309 1590 3309 1588 3309 1586 3309 1555 3326 1551 3328 1317 3328 1300 3318 1288 3313 1286 3313 1284 3313 1282 3313 1274 3317 1259 3324 1185 3324 1175 3313 1171 3311 1171 3309 1169 3309 1167 3309 1165 3309 1163 3309 1153 3313 1128 3324 1103 3311 1091 3305 1089 3305 1087 3305 1085 3305 1083 3305 1075 3311 1056 3324 1023 3309 1005 3301 997 3301"/></Shape>
	    <String CONTENT=" ahu erq1 agit"
                    HPOS="744"
                    VPOS="3291"
                    WIDTH="879"
                    HEIGHT="129"
                    WC="0.6353186368942261"></String>
          </TextLine>
          <TextLine ID="eSc_line_f68658dd"
                    TAGREFS="LT325"
                    BASELINE="111 3406 214 3416 463 3418 877 3394" 
                    HPOS="109"
                    VPOS="3355"
                    WIDTH="768"
                    HEIGHT="104">
            <Shape><Polygon POINTS="752 3355 750 3355 748 3355 721 3369 711 3375 598 3377 574 3371 551 3365 549 3365 547 3365 545 3365 530 3371 508 3381 458 3373 456 3373 454 3373 452 3373 450 3373 436 3383 422 3373 415 3367 413 3367 411 3367 409 3367 376 3373 337 3381 325 3373 321 3371 319 3371 317 3371 315 3371 313 3371 311 3371 311 3373 309 3373 300 3383 239 3375 222 3373 220 3373 218 3373 216 3373 214 3375 196 3389 109 3377 111 3406 111 3441 241 3439 261 3455 263 3455 265 3455 267 3455 268 3455 304 3437 337 3447 339 3447 341 3447 424 3435 514 3459 516 3459 518 3459 664 3437 686 3453 688 3453 689 3453 691 3453 750 3451 752 3451 826 3422 840 3431 842 3431 843 3431 845 3431 847 3431 877 3420 877 3394 871 3369 797 3369 793 3369 754 3355 752 3355"/></Shape>
	    <String CONTENT="iconton eet retrod atlcq isidacon"
                    HPOS="109"
                    VPOS="3355"
                    WIDTH="768"
                    HEIGHT="104"
                    WC="0.9058011734124386"></String>
          </TextLine>
        </TextBlock>
        <TextBlock HPOS="0"
                   VPOS="771"
                   WIDTH="1"
                   HEIGHT="2"
                   ID="eSc_textblock_7e71b858"
                   TAGREFS="BT489">
          <Shape><Polygon POINTS="0 773 0 771 1 771 1 773 0 773"/></Shape>
        </TextBlock>
        <TextBlock HPOS="0"
                   VPOS="990"
                   WIDTH="1"
                   HEIGHT="1"
                   ID="eSc_textblock_03ce89fe"
                   TAGREFS="BT489">
          <Shape><Polygon POINTS="0 991 0 990 1 990 1 991 0 991"/></Shape>
        </TextBlock>
        <TextBlock HPOS="148"
                   VPOS="132"
                   WIDTH="37"
                   HEIGHT="6"
                   ID="eSc_textblock_4961eb87"
                   TAGREFS="BT489">
          <Shape><Polygon POINTS="152 132 185 132 185 138 148 138 152 132"/></Shape>
        </TextBlock>
      </PrintSpace>
    </Page>
  </Layout>
</alto>
