3025 2479
498 33 2509 124 La personne du Suur Zabiel de tet Moitre menuisicr en cette Jelle y demun

484 136 2525 122 due des pan plenousses entr les mains duquel il se dissaisit de toux Ser bunt

494 246 766 101 Suivant le Contunr

771 319 2225 129 Ce fut annni fait dicté et nomme par le dit Testateur a M^ qr

489 428 2505 128 perre gver Balia Notaire du roy en cette este y Demierant Aue de l'hopitat

490 528 2484 137 au Suar qubsiel Ralet Maitee Menucorce en fette Velle y demeurant du

484 639 2505 146 des parn plamousses et au B Jeosn Sch Narte maitre Cailleur demeurant en utte

483 728 2470 161 Velle du des pamplemaiises temains pour ct Requis d expur appelles,

482 838 2464 157 en pesene Sesquels ledet Testament ahant été le et rela un mot apres

2782 924 165 91 plombr

472 935 2298 164 Lautre audet Testateur Jl a déclarée y peroistee zêtre sa derniure

477 1030 2472 184 fait et passe en Bruvet a la decquisition dudit Testateur Aa port Louis Jle

477 1145 2393 186 de France en letude le Juedy vingt quatre Sevrier, Mis eSept Cent

2878 1194 101 137 Ségre

477 1268 2384 167 quare Vingt Onye Avant midy et les Temont ont Signés de ce enque

487 1399 956 151 Moilet Selvaite et Bule.

841 1428 2106 201 Eenegistré par moi Etrenne treacuttre husson Greffier soussigné sur longtte

848 1550 2069 149 dudu testament dument controtté per tervier le jour vingt de ux veuloze

833 1637 2091 179 Antort dettoir ount hle de fanie le vingt deuy veutore de lan cinquin

867 1782 978 108 de la Republique francaise une et end

1848 1815 288 95 Busson

849 1996 53 93 2

2899 2005 51 78 24

625 2041 2197 199 Lardevant les notaires publier à Lisle de France Soussigné fat

2913 2096 25 62 4

2799 2204 63 79 64

35 2271 345 104 testament.

477 2141 2345 207 Jean Marie Lectidr Mᵉ Calfat à boid de la frégatte la Cy bille Maite

137 2348 86 108 de

479 2273 2156 175 port, étant le Comparant en ce monent à berre en Cette Ville
