2212 3508
457 56 1712 170 Je dane et Regue en toute prdposie deu cit jou nonée, me

333 128 1547 183 bibliatholque telle qulelle se poursuit et compdrté.

432 212 1731 181 je donne et legue at cit. jaan duassé mon bureau et na tongné nu

1255 413 120 68 Aade

341 424 35 61 3

415 319 1744 166 et paus lexécution des dispotitiens contenns au présent

329 419 1828 165 testament je nomme el Vustitus pour moiné devéruteur

1438 565 249 72 194 Luezqn

321 498 1842 168 testamantaire le cit jean duatse habitant de ce centon je le

1637 664 81 47 daxe

331 594 1847 179 prie en varte de la mitte qu'il nia toujours te mengne de les

329 680 1847 148 mattre en exéeution je le charge de gutre de geres et faire

333 767 1838 182 valoine le bienq lui de trouvers mmapparteni, cors de mon

1327 941 113 58 [aI

1091 945 189 62 de orln

307 867 1846 163 dicès; enes engegement et lagt remplis et ct par qu'a ce que

325 935 1853 177 met bauvs ou leur ajant conte ayent fait consaitre au dit

1652 1103 96 54 Psr

327 1034 1840 158 catoiyen duase leur ve lonté disrete tur l'onsploi de ac qui

331 1114 1849 187 peut eur révenie et de remptie geutralenment toutet mes

331 1223 1691 152 intentiont autenes dant le présent testamenteeor

380 1290 1794 171 en Après, lectara faite vu dit chevalies il a absézré et dit

565 1420 136 63 dom

339 1375 1839 182 que pour reconnaitre les bout vervices qui liunent été nendus

793 1510 204 54 Ronnoirt

666 1525 23 45 10

327 1481 1803 167 par le cit. Renigil lui légué et donns donnigenterie.

629 1594 438 54 45ᵃ Movon 7125

393 1563 1780 175 Pour Jaire inoinuece la présent teut pousoié ett danné au portent

822 1679 460 47 60 8a 1oise RII20

352 1648 1821 176 le présent testament ayant été dieté pair le dit citagnn.

1029 1750 454 70 a Jesaion

325 1734 1848 164 etsevalien et lui ayant et sen près enca ded tenjoins dousigne

1161 1835 33 57 2

325 1822 1849 173 lu et relu il y a persisté en déclarant en diclarant que

1052 1931 150 70 307

325 1917 1840 170 les clanses, et conditiont qu'el renferint bont réeltensent des

802 2017 700 70 àar t17 m 10s 4s40

1007 2106 708 61 ibe deicsitie, 27444

237 2007 1928 173 us dernieres ententions qu'il cy persiste en lui Et temoignage de

337 2108 1826 160 queis il aibigneravée, nans et les tanoint sudnommés, bur

1280 2190 394 64 raoendeaot ine fn

333 2198 1824 148 les, deux iinattense dient E'ute controllée le dit jout par

1177 2280 567 54 112 pri: 8no 19nbm

339 2286 1812 142 bervien  qui à merqué avciur rene quarantes, dils est

1190 2375 614 57 dae qunal mman

321 2373 1832 143 demeurée au nataire seussigne, fait, et passé lu danble

1342 2457 400 62 das sue 1ell

286 2514 23 85 4

327 2461 1832 140 iinutte en la densenze de dit citayen atonvaliad au bon

1241 2547 587 64 enqe afissontai 104

282 2549 1850 148 tatitation duatamarin, canton de la reviere noire lé

1576 2640 263 70 drus. bbte

343 2636 1757 152 quatorze Brienaird l'ad quatrienmes de la republique

346 2718 1799 172 francaite uüé et ind^ Cettationné biguiimarcrandide.

1742 2831 70 59 1a7

533 2831 552 86 eebtque ribintl

341 2829 1800 154 notatre longutt par noi Trene Thiaientre husson Greffier dclubnal cen

635 2905 1497 141 de lladfrance Joussigné juir é éxgédin desditlstament a

633 2995 1434 127 paantie a cit effet j'antott dt nordaint dil de fance le dix

493 3085 1604 117 pusoed frdrde detais nqions deloi Requblique françann une

428 3065 31 111 6

1695 3161 191 58 Bussun

1173 3174 52 92 4

1060 3266 101 54 519

1982 3241 9 126 1

1064 3391 117 87 220

1676 3416 159 84 311
