3017 2479
33 15 172 66 Sat

118 71 127 117 de

27 192 181 87 t a

28 318 228 110 Signe

4 433 227 94 des

6 566 255 96 notaires

26 718 209 89 ¬port

38 820 223 94 E time

2468 1 542 55 celit vingt et umeire

865 57 2134 119 na legataire universelle voutant quaprés mon dé cet et le

869 145 2128 149 raquitement des dettes de ma Succestion ette jouiste Paste

866 267 1977 142 et dispose de tout ce qui se trouvera mappartenir

956 389 2034 139 le donné met habitt seutement au Cen Drue Sous

907 504 2064 130 garde de lartillerie et ce pour reconnoitre les penses

903 612 2063 127 qu'il a li a faire mon service bendant ma maladie

975 751 2032 105 Ce fut fait et dicté un mit après tautre lu et relu au

872 860 2138 104 dit cit. Jean francois le coste lequel nout à requis de millr

900 973 2067 102 par renvoye le mot cent tetulien de celui de cinq. et

900 1089 2082 105 au Surplut Contenir ses volontées dernieres et y perbitte

947 1198 2031 103 de dit testament recui en a sa requitition pour

907 1312 2085 110 Demeuver en not maint a titre de dépot et être par nout

880 1422 2105 87 Delivses a qui il apartiendra en présence dit cet

2724 1404 53 75 e

895 1513 2086 98 chartes malardon taitteur d'habits Portier de l'hopitat

898 1623 2044 98 l'egre Buyamin dumait contre maitre au Sernie

905 1732 1277 103 Einploye au Bureau de latat.

935 1828 2035 119 Lesquels après interative lecture ont signé avec nons

900 1923 2099 118 tet yours mois et an que de dessit, Signé à la noirsuitte

899 2042 1949 122 le conte, malardon, dunmay et chatteau notaire

962 2153 710 105 Plut Bat etcortt.

906 2244 2073 139 Controté au Port noille de france le 1^ee metse der au Sn

902 2356 1416 107 reme deux ient livre signé servir.

1880 2334 125 67 8

41 987 224 98 euben

93 1104 159 63 e ces

95 1195 108 69 3

24 1455 241 102 iv ibible

27 1592 176 74 reni.

61 1660 171 94 mout

61 1750 149 89 e la

71 1863 131 74 a

125 1958 106 77 2

89 2092 145 79 ons

103 2211 135 80 ee

135 2279 117 109 de
