2412 3508
177 52 263 80 Vesament

257 113 56 70 de

602 35 1527 140 Pardévant méi fraitoit deliste dolisonplldadt de fante

2304 118 14 76 1

103 134 2227 115 Jeanca aie Jouph ce aprés nommé ooussignés. fut présente itaganne janve marie plpttre

99 228 318 87 Vegrne lebre

510 196 1648 139 femme libre de couleur, majeure, résidente au camp des quell

506 268 1851 143 canton de la ville du port du nord ouet isle de Franse, en une oute

506 344 1831 168 en palissade appertenante a cit^ee Francoise fanse Librs de contrer

518 442 1827 136 gissant deu sou lit malade da ropt mait sainne da part, memaiire

1776 504 23 53 3

508 524 1849 140 jagement et entendenset ainti qu'il att apparu aux dits notaie

512 610 1833 152 et temoins, Caquelle a fait dicté et nommé audit entrise présence

1657 678 164 58 12071

510 686 1831 134 des ditt temoins sou testament et des demiere velontté ainsi qu'il tut

606 767 1747 131 declare la testatrir que des lient an cet nomant contistent en

506 847 1847 131 ses linges, harde bijoné a sou unge ; et armoire tabtes chaises et

508 943 1841 117 autres uttencités de menagé de loù don état et un voir metambigne

508 1019 1816 130 noumme dons age de vingt ans ensiron par elle lquil de la Cne

506 1110 1839 123 adelaide nagrétsé libre et en duis cocton ee alques veltailltes

167 1266 273 70 tama

528 1192 1807 137 qu'il na lui et rmeu da et quille de sactoe par cis dévoir

514 1290 20 50 3

1058 1301 180 69 CIIna.

177 1305 197 154 4

505 1270 1830 152 a qui qué au doit, que voulant autant de biendtà ludp lautre

508 1438 328 78 de se12

836 1379 1511 111 troi enfeur nonmié giltet, delatin, et viatéerins nou

969 1467 39 82 d.

1062 1471 347 66 lSGovi

501 1465 1864 131 amore majeurs ni les uns nn les autrés quéi qu'babelad à luisuvondet

1113 1561 138 46 11914

1388 1555 31 62 8

520 1551 1831 136 dans ces teait après sou décès delan tordre de la nature elle le

526 1670 12 45 1

676 1664 115 51 Loun

1279 1644 224 45 io annertoe

506 1635 1843 157 nomme et institue set regataires uiverdals pour receuiller set ditt

1544 1722 257 69 E FAᵃ, 131

506 1732 1845 136 bient après vons docus, desqualibiens a chaeut pour un tiert

506 1810 1629 144 ea lent fait rci, an besoin don et repteu touta prepréété.

1288 1898 685 70 s rotachr dot aost zan

518 1915 1833 119 e Et pour exétuta, soin pies ant testament ella nomime et atablia

1060 1985 845 74 mnilaco Nezo ane atpor

505 2009 1844 113 det effet poiur son axéeuteur, testainantairs la personne du rit

1093 2079 804 64 poinoe rcla porbort ai partor

510 2091 1845 122 louit pate homme libre de cantour qu'alla prie de vouloir vien

1127 2163 444 52 am5o0 5] Mour

193 2184 128 92 320

508 2180 1845 115 accepteur celles charge le denaisivant de tout sesbient en det

1189 2249 735 76 100 ab aporois aos nalist

508 2262 1841 125 mains duivant la conteeur reci Jaitant prasé ete exprasta reconmant

1323 2346 531 64 a 592ya 1307.04n

116 2365 197 119 i dit

505 2348 1852 129 de laisser la dittesictoiins aus duint et bous, la vinseiltanve de

1292 2432 634 76 duux do4 anboge . 1 19

475 2441 1874 113 la cite adélaidt fonie libre de contaue ainie dalla Restatrioe jutque

1099 2517 806 67 la qu rrepils ronsmbill rononda

140 2459 339 187 80

499 2525 1844 113 l'age de majarité au d'Etablisteiment par mariage de la ditte

1006 2595 267 55 355604

506 2611 1792 109 d'ecaré nommer an outre la dit louis paté tateut de ses tru

1468 2695 243 70 3211141

489 2701 1862 122 renfant inimar auquel ella les recummende et le prio de pren

1735 2708 68 69 232

1351 2783 347 72 iqeaent narqn

501 2802 1552 94 la plies grandientatet à leur pertenses et à leurs bions.

1247 2864 84 45 da7e

1405 2864 320 61 I. AII9ᵃ 3004

643 2886 1714 123 Ce Jut ainsi fait et dicté par la tastatrice au dit notaire

505 2977 1842 117 la présensé dit Cintoyent jars Baptitte desquule et quillan

503 3051 1782 141 dimbas tous daus hommés librés de conteur résidents aa d

497 3159 1757 132 comptémoin requis et aprpallés par la testatrioe e jour

503 3237 1706 171 vingt dix tharniidor de l'au inquiame de la répubtiqpé

2252 3254 72 88 40

1236 3400 146 84 292
