3142 2479
2147 20 869 103 deeux cent toumante quatranme

67 148 347 108 tesament

633 205 2462 122 Lan Vixiame de la Republique francaite une et indisiiille la vingt

144 265 94 98 de

1 341 512 153 feannett Eugait

542 349 2509 106 huit vendrnmiaire dia heuses du matier, pardevant moi juliet fravcait

223 490 179 98 4

460 458 2629 125 quern notaire public à lisle de france soussigne, en predanice de Bertraue

487 553 2609 125 avice capitaive de marine marchande, resident en la ville du port nord

734 683 18 35 4

342 674 85 122 4

530 678 2558 124 ouest de la ditte is le rue de lhopital et Vautoine Boicton calli expitiee

1210 775 115 47 Vn

1371 767 51 53 6

1471 761 140 55 3 504

534 773 2554 127 demeurant meme, ville du port uond ouest, quartier du patit chaip de

268 877 218 95 I4

298 969 334 76 Ax 26

542 903 2495 112 mars, ett comparise jannatte Juyan citoyenve libre, trouvec malade de corps

1119 997 68 51 0

352 1032 77 68 190

461 995 2609 145 ecouchée dans une eambre faitant partie de le maison qu'elle occupe tet

168 1118 106 96 d.

325 1107 169 118 35

552 1110 2523 137 qqui lui appartient silui dans le dit quartier du pasit champ de mart

1197 1209 174 49 231

230 1262 155 87 Ie 62

533 1225 2530 117 aevant à la partie noiminat le cham des noirt libres ou le dit notaire

831 1312 123 62 3148

1110 1293 216 59 14

345 1320 1825 137 u et las ver temoins, le sout raprès trantportet.

2296 1368 30 75 1

187 1506 23 64 1

560 1505 97 78 23

661 1419 2432 144 Laquelle quoique malade, etant daise desprit, menmoire et entendement

475 1499 2613 168 danti qu'il ett apparec aue ditt notaires et ténmiens doussignés, à fait t

404 1637 324 66 517650

1392 1597 1719 121 etestanment et ordonnance de derniere volonté, aut

406 1691 113 80 20

403 1769 305 55 Abot d2

537 1666 815 129 deaté et noniine son

1414 1703 163 69 30

1994 1764 179 63 A 804

355 1804 96 63 4

544 1689 2551 189 ditt notairet et temoins pour être encentes apais son décèt de la

1376 1797 287 78 114

342 1873 188 140 at dr

1814 1906 12 55 1

1877 1901 14 58 1

545 1884 1021 119 nsaniase suivante

122 1959 46 139 1

420 1906 2677 195 et nnn je veur qu'aprés ma mont mes exécuteurs testamantaires ce après

192 2116 31 88 4

330 2116 92 117 30

497 2002 2611 227 Piour m'ét fassent confermai pair les autonités conttitices La liberte que

236 2116 2867 240 iorson geutend qui soit donnai aua nomeméet roze ndiane et à dafille joseptine

245 2418 13 56 4

476 2379 19 58 4

392 2372 41 105 1

545 2220 2572 246 cozall annsi qu'a marea panve cradle, aget denviron bia aut et denmie

1396 2328 1721 149 frais dffranchissements et las tosemes nécesbairos
