2550 2479
355 38 251 76 teveneul

724 1 1801 81 Au nom du pere et du fils et du Sant esprel aindé soit de

311 136 431 96 Selly Jonph marmen

717 55 1813 122 testament de felixe pseph Marimin Dantier Capitaine debgnialien

381 214 226 119 Dantar

709 141 1747 117 Commendant du quartier de la grande risierre du port no

184 325 61 82 de

748 249 1789 122 Par la gaoe de dieu Etant saint Despuit memoire et entendeme

703 358 958 84 tels sont met dermieret volontét.

214 468 21 37 8

752 466 1781 91 Je pie ceux aurquelt y'auroit pu canter quelquet mane de me

714 553 1813 102 pardonner comme se pardonne à tout met ennermit li yen ai

727 641 1809 109 priant Dieu de me pardonner met feutes voutant monois en

713 742 513 89 bon chrttier.

727 830 1806 81 Débirant récompouter let soins et bont et fidites servicet que me

723 922 1818 80 rendu la nommél rotatie mon affranchie et prissee palement det

708 1009 1832 87 ma dersière maladie, ye donne et léque au nommé antoine son

701 1100 1825 106 fitt agee de un mois et dennie tout ceque je posse derai en cette

1559 1071 131 55 I8

1774 1076 91 57 129

708 1200 1811 100 Je au jour de mon decit en effets mobliliers de qualque natuse

709 1294 1258 95 quils soient, Sont la rébiive cq aprèss

822 1397 1705 135 Je donne et legue a la dette robalis la youissance de le

721 1477 1787 139 moitée de tout les effett mobilient que se laitserai pour et

706 1563 1809 147 uter sa vie durante ; la propriété réverbible a son entant comt

709 1651 875 92 il ett dit en lartide cy dessut.

730 1754 1767 120 Je nomma pour Exceuteur testementaire de med derniere

708 1837 1792 135 velontét, pour tuteur de la ditte robatie qui nest pat en coit

706 1926 1768 132 mayeur aisité que de son enfant la pertonne de montiant

695 2014 1743 137 Ducate cherugien et habitant aux plainat et pèrre,

701 2115 1733 128 ainy que ye prie de voulons bien en prondre la peint

702 2191 1721 142 lamitié qu'il ma terjourt temoigné, ye le prie en cntry

1512 2392 116 69 1116
