2967 2479
378 59 2458 147 dine pcoit d'reste Juile propréétaice Vengte detittari ce ple nommé

387 165 2465 155 Jean et Louis tour deux malgaches dependants de la snditedemune até

395 274 2457 166 et chargie spévalement de libeur toutes les dettes. dicelle fans que vous

400 380 2443 155 aucue prelente elle puuse jamais fane ausune recaimation anprès du

973 388 186 85 [d

410 494 2479 142 nommé Veutou pour tent au partie dés iusditte dettes déclarant ledu

414 601 2481 142 Veutour n'en avoir dantes que celles contraitiée porur la misladie de ladette

418 718 2496 119 marie Jeanne fat double ei debonne sois épouie avoiee son entiere esenation

2347 787 158 62 da78r

428 826 2492 124 et meme four qui si léprésent rit ete à an puidivant Mot in a Plambais

421 915 2515 115 Canton de la fatinité, isle de fraisiee lesept tévsir an cenquane ce a segnéavn

1882 1005 29 47 3

421 1021 2460 131 nous charge par les partier eecredige le present après itlsatoon tecture la

2176 1003 164 68 1ure

420 1119 2513 134 Cergune marie geanné. contraiteif des cet Lainei sipion temoin requis de le

2312 1123 163 73 Leole

442 1206 2474 129 part du Cet Mutour qui ne saie signér, ainsi signis mais Jeanne Japèors Lane

1881 1221 43 61 d

444 1308 2495 129 et fe Deschieure. Il est ainsi enladetee piecr duensints testifice vintatlt ci du Notaris

1387 1300 351 66 326 Buufa

2136 1348 151 60 8779ᵃ

451 1382 2471 146 Judement Signé et paraphé cet ansere a la minute de l'acle dont exprdition et des

1436 1397 259 62 FBBue

443 1547 446 93 et Durand

468 1609 2467 126 Er Enregistit par moi Erenne hiaiiithe Pussos Guffien dutubunal enit de lssle dle

2289 1582 172 98 4179

619 1695 2319 121 fance Joussigne luie ne expidition de la dette demation amoi prescutieac

2315 1725 73 51 19

472 1739 258 100 leson effe

818 1765 2111 153 ausoit dunord vent dile de france le Qqulee Cucur de l'an cunq dela

1758 1782 142 53 VE

1998 1794 197 58 A7

629 1834 252 124 Repabligne

73 1881 246 98 Divoce

1034 1877 342 75 nue Bend

1041 1928 62 74 [7

1455 1910 250 84 Busson

1792 1881 162 73 D

2023 1897 78 65 352

134 1973 177 81 Entre

486 1958 806 150 Eatrait des Registres de mariage

1845 1946 139 81 187

2016 1954 103 53 112

2194 1903 184 84 LIIInS

491 2054 2394 189 tan cinquiene de la République fancaise une et endévintté le cinquieme jour de la

1787 1995 116 68 159

2073 1958 202 85 ls Edt

2410 1926 145 113 Ind.

30 2043 417 112 Ectalie Labave

1319 2030 143 106 dila

1486 2057 1011 106 mnmcipalité dit Nota n5

1991 2017 588 106 lbrenat Janion

491 2111 767 144 troitieme decadé de Thernedo

15 2178 2884 274 abraham Braedon offieur publit en te maison Commane la cese Ealatier labaire aésles, decilte Jsle

1287 2187 1641 162 adicheurie du matiie; Enromparr pardevant nous

491 2304 1255 173 agie de viingt Aux ant, accompagnie de qua

427 2392 374 85 PNicolas Gilit
