2038 3508
470 81 1471 132 de l'Jle de Bourbon, au bas de la requête, contenant

464 149 1491 155 que les formalités ordonnées pas les lois ayans été

464 242 1518 143 remplies, et les dits affranchis ne pouvant au moyen

467 321 1486 146 des conditions exprimées en l'acte susmentionné être

464 397 1524 158 à charge à la colonie, il ne voyait pas d'empêchement

470 508 480 120 à la demande ;

502 561 1477 169 Et attendu que les autres formalités préalables

467 663 1494 146 à l'affranchissement et prescrites par les proclama¬

464 748 1500 137 ¬tions des 19 novembre 1811 et 4 février 1812 ont été

467 836 1503 146 remplies, Nous confirmons l'affranchissement

464 912 1518 160 accorde par la nommée Emilie femme de couleur

467 1002 1524 158 affranchie du Sieur Haulier dit Vermanton, habi¬

464 1096 1535 152 ¢tante demeurante au quartier Sᵗ Denis Jle de

461 1172 1541 163 Bourbon, aux nommés Jⁿ Marie créole agé de Dix

461 1265 1541 146 huis ans, ce antoine Maric, auvricrcoleage de

464 1353 1559 143 dix sept ans, tous deux ses enfans et ses esclaves

464 1447 1521 149 et déclarons en conséquence, que les dits Jean

467 1528 1468 149 Marie, et Antoine Marie, jouirons a l'avenir

464 1613 1553 155 des mêmes droits, avantages, privilèges, et imunités,

456 1701 1549 161 dont jouissent les personnes nées libres, à la charge

456 1803 1491 143 par eux de se conformer aux obligations et

456 1879 1562 155 conditions imposées par les dites Proclamations

459 1964 1514 158 des 19 novembre 1811 et 4 février 1812 par la

453 2058 1546 157 Proclamation du 8. Décembre 1812 et par les

456 2145 1520 158 autres rêglemens aux quels il n'est pas dérogé

459 2239 1055 155 par les dites Proclamations.

543 2341 1416 146 Donné au Port Louis, le 23. Juin 1814.

929 2464 1050 152 Signé / R. T. Farquhar.

532 2563 602 158 Par Ordre.

517 2660 904 193 Signé / Ch. Telfair

720 2783 1233 152 Secret. en chef du gouvernement

1482 2870 471 135 par intérim.

1321 2952 105 126 Vû

801 3130 1052 123 Dépᵉ Secretᵉ du Gouvrnm̃t. par Intérim.

1868 2 88 109 13

897 3288 73 105 13
