2479 3183
268 26 119 111 16

408 151 427 138 Le Nommé

299 249 542 130 Joseph Marc

475 344 204 83 Calia

429 400 300 74 en Faveur

331 450 425 75 de Victoire

294 496 539 108 Louis, et l'Héloïse

445 586 314 116 ses Enfants

363 671 340 103 A: 567.

1377 63 884 112 Au Nom de sa Majesté

1292 137 982 133 George III, Roy du Royaume

1281 225 932 109 uni de la Grande Bretagne

1279 299 496 112 et d'Jrlande.

1242 374 1032 129 Son Excellence R. T. Farquhar

1268 469 1011 109 Esqʳᵉ Gouverneur et Commandant

1287 538 1035 122 en chef aux Jsles Maurice, Bourbon

1289 618 993 127 et Dépendances Capⁿᵉ Général

1292 697 900 125 Vice Amiral &ᵃ &ᵃ

963 823 1346 163 Vû la requête présentée à Lhonorable lieut¬

875 946 1404 122 Gouverneur de l'Jle de Bourbon, par lenommé

883 1023 1375 144 Joseph Marc Calia homme libre pêcheur

875 1103 1426 138 Demeurant au quartier Sᵗ Denis, Stipulant

870 1183 1380 137 par Mᵉ Dominique Arnou avoué pres les

870 1257 1447 132 Tibunaux domicilié au dit quartier Sᵗ  Denis

873 1331 1385 141 en date du 14 novembre 1812 qui nous a été

875 1411 1407 140 transmise ; par laquelle le dit Joseph Marc

875 1488 1396 145 Calia expose qu'étant dans l'intention de

873 1572 1438 154 faire jouir du bienfait de la liberté les nom̃és

873 1641 1412 165 Victoire agée de dix neuf ans, Louis agé de

873 1732 1433 156 treize ans, et Heloïse agée de sept ans, tous

870 1803 1457 165 trois créoles, ses enfans et esclaves, il sollicite

873 1893 1380 157 du gouvernement la confirmation de leur

875 1992 789 140 affranchissement.

942 2045 1380 156 VÛ l'epxédition de l'acte au rapport de Mᵉ

873 2127 1449 162 Charles Gaspard Marcaud notaire résidant

870 2198 1460 186 au quartier Sᵗ Denis, en date du 28 Septembre

870 2289 1386 167 1812 par lequel le dit Joseph Marc Calia

870 2368 1409 181 déclare affranchir de toute Servitude les

873 2445 1452 191 nommés Victoire agée de 19 ans Louis agé

870 2522 1470 212 de 13 ans, et Héloise agée de 7 ans, tous trois

865 2599 1436 204 créoles ses enfants, et ses esclaves, et afin

865 2692 1406 207 que les dits affranchis ne puissent devenir

865 2766 1399 212 à charge à la colonie, il leur donnation à

865 2856 1428 247 titre de moyens de subsistance, à chacun

1573 3005 91 89 16

2030 2946 241 125 d'eux
