2288 3508
70 29 55 85 6

313 108 386 196 Le Sieur

187 280 556 123 Maximilien

263 368 439 123 Magloire.

310 453 351 117 en faveur

277 549 381 114 d'Etienne.

242 637 372 219 A.562.

1304 116 913 106 Au Nom de sa Majeste

1249 190 980 140 George III, roi du Royaume

1258 286 939 132 uni de la grande Bretagne

1255 374 480 99 et d'Irlande.

1161 435 1094 181 Son Excellence R. T. Larquhar Esqᵉ

1167 546 1071 120 Gouverneur et commandant en

1157 634 1084 138 chef aux Isles Maurice, Bourbon

1164 724 1080 120 et Dépendances, Capⁿᵉ Général

1170 809 1062 129 Vice Amiral &ᵃ &ᵃ &ᵃ

787 944 1480 163 Vû la requête présentée à l'honorable Lieutenant

713 1067 1519 125 Gouverneur de l'Ile de Bourbon par le Sieur

734 1154 1504 157 Maximilien Magloire horloger demeurant

716 1257 1536 116 au quartier Sᵗ Denis en duate du 3. mars 1818.

719 1335 1507 135 qui nous a été transmise, par laquelle ledit

719 1432 1528 118 Sieur Maximilien Magloire, expose qu'il a

722 1508 1539 137 acheté du Sieur Achard marchand Sᵗ Denis

734 1601 1513 126 un petit noir nommé Etienne créole agé de

731 1683 1506 123 six mois, (enfant de la nommée Maguitte.)

734 1762 1483 129 avec la condition expresse de lui donner la

734 1856 1445 123 liberté. désirant éxécuter sa promesse il

737 1944 1474 140 Sollicite du gouvernement la confirmation

740 2043 945 114 de son affranchissement.

798 2107 1446 135 Vû l'expédition de l'acte au rapport de Mᵉ

740 2195 1521 140 Charles Gaspard Marcaud, notaire a l'Ile

740 2291 1521 132 de Bourbon résidant au quartier Sᵗ Denis

743 2370 1512 144 en date du 10. février 1813. par lequel ledit

737 2452 1551 152 Sieur Maximilien Magloire déclare affranchir

746 2560 1509 120 de toute servitude le nommé Etienne, créole

746 2657 1515 134 son esclave agé de six mois fils de la nommée

749 2750 1512 138 Maguitte, et afin que le dit affranchi ne puisse

746 2841 1518 120 devenir à charge à la colonie, ledit exposant lui

746 2926 1535 125 fait donnation à tître de moyen de subsistance

751 3013 1536 135 de la quantité de deux cents Piastres effectives

751 3113 1531 117 ou la valeur en toute monnaie métallique ayant

751 3195 1498 187 cours, qu'il promet et s'oblige de remettre audit

1389 3306 73 70 6

1942 3291 302 123 Etienne.
