2262 3508
87 2 134 137 10.

357 184 283 128 Le Sieur

143 268 641 152 Joseph Fouques

339 385 339 109 en faveur

444 461 62 91 de

324 505 252 91 Luce

137 605 424 172 A: 564.

1278 70 960 207 Au Nom de sa Majesté

1205 190 1039 187 George III, roi du Royaume

1208 286 1036 172 uni de la grande Bretagne

1211 374 518 117 et d'Jrlande.

1147 453 1097 157 Son Excellence R. T. Farquhar

1173 558 1056 140 Esqʳᵉ Gouverneur et commandant

1196 643 1066 149 en chef aux Jles Maurice Bourbon

1193 742 1010 132 et Dépendances, Capⁿᵉ Général

1196 821 1055 172 Vice Amiral &ᵃ &ᵃ &ᵃ

793 953 1442 201 VÛ la requête à nous présentée par le Sieur

757 1099 1478 152 Joseph Fouques, médécin demeurant au

754 1186 1487 152 qᵉʳ Sᵗ Paul Jsle de Bourbon, étant ce jour en

752 1280 1486 129 celui de Sᵗ Denis, en date du 2 mai 1814 par

754 1359 1449 155 laquelle il expose que voulant reconnaitre

749 1444 1457 157 les longs et fidèles services de la nommée

754 1534 1484 155 Luce, malgache agée de quarante ans, son

754 1634 1440 125 esclave domestique, il désire la faire jouir

754 1710 1484 152 Du bienfait de la liberté, pourquoi il sollicite

749 1803 1466 151 la confirmation de son affranchissement.

793 1888 1430 143 VÛ l'expédition de l'acte au rapport de Mᵉ

754 1970 1508 152 J^ques Réné Perraud notaire à I'Jle De Bourbon

760 2063 1466 141 résidant au qᵉʳ Sᵗ Denis, en date du 4 avril

754 2151 1481 143 1814 par lequel le dit Sieur Joseph  Fouques

754 2239 1455 149 Déclaré affranchir de toute servitude la

757 2326 1481 155 nommée Luce, malgache agée de quarante

752 2429 1480 128 ans, son esclave domestique, et pour que dans

752 2502 1480 131 aucun cas elle ne puisse être à charge à la

752 2584 1471 143 colonie, le dit Sieur Fouques lui fait don

754 2680 1508 126 de la Somme de deux cents Piastres en monnaie

760 2762 1475 135 metallique ayant cours qu'il promet et s'oblige

752 2856 1504 131 payer a la dite Luce, aussitôt que son affran¬

757 2946 919 108 ¬chissement sera confirmé.

790 2992 1472 159 VÛ l'avis de Monsieur le procureur général

754 3110 1347 105 de l'Jle de Bourbon, au bas de la requête,

757 3198 1449 155 contenant que les formelités ordonnées par

1419 3332 70 79 10

2007 3274 184 155 les
