1913 3508
193 70 1646 178 quantité de cent cinquante Piastres, qu'il obligera

198 187 1615 137 ladite Marie Rose de compter et remettre à ladite

201 267 1656 136 Babet aussitôt la confirmation de son affranchissem

298 353 1500 141 Vü l'avis de Monsieur le procureur Général aubas

213 441 1585 152 de la requete contenant que les formalités ordonnées

216 534 1571 147 par les Proclamations de son Excellence ayant été

225 613 1603 176 remplies, et ladite affranchie ne pouvant au moyen

225 710 1573 140 des conditions exprimées en l'acte susmentionné

231 789 1600 175 être à charge a la colonie, il ne voyait pas d'empêche¬

234 923 722 108 ¬ment à la demande ;

301 964 1550 181 Et attendü que les autres formalités préalables

254 1078 1626 170 à l'affranchissement et prescrites par les proclamations

248 1163 1625 169 des 19. Novembre 1811, et 4. février 1812, ont été remplies,

254 1251 1562 170 Nous Confirmons l'affranchissement accordé

263 1344 1556 158 pour la nommée Marie Rose femme de couleur

263 1432 1579 164 libre habitante demeurante au Grand Port, à la

260 1525 1559 170 nommée Babet, créole agée de trente huit ans.

266 1616 1614 161 sa mère et son esclave, et déclarons en conséquence

269 1689 1620 187 que la dite Babet, jouira à l'avenir des mêmes droits,

277 1789 1609 183 avantages, privilèges et immunités dont jouissent

283 1868 1545 172 les personnes nées libres, à la charge par elle

301 1961 1611 158 de se conformer aux obligations et conditions imposées

286 2049 1588 158 par les dites proclamations des 19. Novembre 1811, et

295 2131 1574 160 4. février 1812. par la proclamation du 8. décembre 1812,

307 2218 1550 164 et par les autres rêglemens aux quels il n'est pas

312 2312 1229 158 dérogé par les dites Proclamations.

389 2400 1427 172 Donné au port Louis. le 21. Juin 1814.

824 2525 1030 173 Signé / R. T. Farquhar

356 2657 562 137 Par ordre.

356 2707 854 178 Signé / Ch. Telfair

418 2829 1380 167 Secretʳᵉ en chef du gouvᵗ par intérim.

1222 2971 131 127 Vû

666 3145 1007 158 Dépᵉ Secretʳᵉ du Gouvernemt. par Intérim.

1711 0 108 73 3

732 3311 122 120 3
