2038 3508
1868 0 99 84 7

485 73 1465 140 Etienne aussitôt que son affranchissement sera

488 166 1511 132 confirmé constituant à cette fin procureur le porteur

485 257 1500 120 des présentes, de se faire donnant pouvoir; en outre

485 327 1476 131 ledit donnateur promet et s'engage de Soigner, nou¬

482 412 1462 117 ¬rrir, et entretenir ledit Etienne, et lorsqu'il sera

482 499 1439 141 en âge d'apprendre un état, il s'oblige également

482 590 1000 111 de lui enseigner celui d'horloger.

523 657 1456 143 Vû l'avis de Monsieur le procureur en général de

479 748 1485 140 l'Ile de Bourbon, contenant que les formalites

479 836 1497 137 ordonnées par les loix, ayant été remplies, et le

479 923 1512 149 dit affanchi ne pouvant au moyen des conditions

482 1011 1497 134 exprimées en l'acte susmentionné être à charge

479 1099 1480 137 à la colonie, il ne voyait pas d'empêchement à la

482 1204 380 99 demande.

543 1251 1474 149 Et attendû que les autres formalités préalables

479 1347 1535 149 à l'affranchissement et prescrites par les proclamations

476 1438 1535 140 des 19. Novembre 1811. et 4. février 1812, ont été remplies nous

473 1511 1515 155 confirmons l'affranchissement accordé par le Sʳ

479 1616 1526 117 Maximilien Magloire, horloger demeurant au

473 1695 1512 152 qʳ sᵗ Denis Ile de Bourbon au nᵉ Etienne, créole

473 1786 1565 149 son esclave agé de six mois, enfant de la nomée Maguitte;

470 1876 1544 138 et declarons en conséquence, que le dit Etienne, jouira

473 1964 1535 146 a l'avenir des mêmes droits, avantages, privilèges, et

470 2052 1521 137 immunités, dont jouissent les personnes nées libres

470 2142 1541 141 à la charge par lui de se conformer aux obligations

470 2227 1538 149 et conditions imposées par lesdites Proclamations

473 2312 1559 149 des 19, novembre 1811. et 4. fevrier 1812. par la proclamation

470 2405 1566 138 du 8. Décembre 1812, et par les autres reglement aux

464 2499 1471 140 quels il n'est pas dérogé pas lesdites Proclamation.

523 2595 1371 135 Donné au Port Louis, le 22. Juin 1814.

900 2683 1044 138 Signé / R. T. Farquhar.

505 2794 576 135 Par ordre .

502 2870 851 190 Signé / Ch. Telfair

590 2987 1366 158 Secretᵉ en chef du gouv.ᵗ par intérim.

1423 3069 85 96 Vû

771 3239 992 157 Dépᵉ Secretᵉ du Gouvernemt. par Intérim.

847 3309 27 93 7
