2029 3508
1830 0 121 70 15

497 58 1447 146 qu'a le dit affranchi proverant de ses travaux

476 143 1392 137 et épargnes ajoutée aux divers talents qu'il

482 222 1447 143 a procuré au dit Sans Soucy, le mettent en état

479 309 1251 132 de n'être jamais a charge à la Colonie.

511 385 1456 138 VÛ l'avis de Monsieur le procureur général

476 467 1506 132 au bas de la requête, contenant que les formalités

473 561 1506 123 ordonnées par les proclamations des 9 Novembre

464 660 1477 114 1811 et 4 février 1812 ayant été remplies, et le dit

467 736 1485 120 affranchi ne pouvant au moyen des conditions

467 818 1497 117 exprimées en l'acte susmentionné être a charge

459 912 1464 117 à la colonie, il neroyait pas d'empêchement

459 993 523 123 à la demande ;

499 1067 1506 137 Et attendû que les autres formalités préalables

459 1157 1543 135 a l'affranchissement, et prescrites par les procla¬

479 1245 1479 126 ¬mations des 19 novembre 1811 et 4 février 1812

450 1333 1549 140 ont été remplies, Nous confirmons l'affranchis¬

447 1426 1503 117 ¬sement accordé par le Sʳ Laurent Philippe

447 1505 1494 120 Robin, domicilie au quartier de la Rivière

447 1590 1500 125 d'abord paroisse Sᵗ Pierre, Jle de Bourbon, au

447 1689 1546 120 nommé Sans Soucy, indien, son esclave domest¬

444 1780 1546 120 ¬que, agé d'environ trente six ans, et déclarons

438 1865 1503 131 en conséquence que le dit Sans Soucy, jouira à

441 1961 1532 123 l'avenir des mêmes droits, avantages, privilèges, et

435 2052 1558 111 imunités, dont jouissent les personnes nées libres

438 2139 1558 114 à la charge par lui, de se conformer aux obligations

438 2215 1564 129 et conditions imposées par les dites Proclamations

432 2303 1576 137 des 19. Novembre 1811 et 4 fevrier 1812 par la proclamation

432 2391 1561 137 du 8 Décembre 1812 et par les autres rêglement aux

429 2481 1544 141 quels il n'est pas dérogé par les dites Proclamation

479 2575 1392 140 Donné au port Louis, le 24 Juin 1814.

844 2666 1006 166 Signé / R. T. Farquhar

456 2718 497 164 Par ordre.

491 2832 836 187 Signé / Ch. Telfair

567 2967 1339 149 Secret. en chef du gouvᵗ par intérim.

1318 3075 99 140 Vû

701 3203 1097 190 Dépᵉ Secretʳᵉ du Gouverneñt. par intérim.

827 3329 79 111 15
