2204 3508
73 40 93 120 8

228 257 430 102 Les Nommés

228 333 453 117 Janvier et

207 423 439 123 iAnastasie,

278 526 339 93 en Faveur

266 587 345 99 de Patrice

310 666 260 111 leur Fils.

228 760 369 111 A:563.

1217 76 905 160 Au Nom de sa Majesté

1138 187 989 134 George III, Roi Du Royaume

1147 277 969 129 uni de la grande Bretagne

1156 365 421 102 et d'Irlande

1091 393 1054 182 Son Excellence R. T.  Farquhar

1109 549 1042 111 Esqʳᵉ Gouverneur et Commandant

1118 631 1045 120 en chef aux Isl Maurice, Bourbon

1132 722 1019 119 et Dépendances, Capⁿᵉ Général

1126 803 1034 126 Vice Amiral, &ᵃ &ᵃ &ᵃ

775 973 1386 140 VÛ la reqûête à nous présentée par le nomé

720 1096 1428 117 Janvier homme libre, et Anastazie son épouse

720 1175 1437 143 majeure par lui autorisée domiciliés du quartier

711 1265 1443 132 Sainte Suzanne y demeurants, étans ce jour en

717 1344 1443 132 celui de Sᵗ Denis Ile de Boubson, en dâte du 23,

720 1429 1457 152 mai 1819. Slipulant par Mᵉ Jⁿ François Dutrous

720 1523 1463 134 notaire résident à Sᵗ Denis, par la quelle ils

717 1610 1448 135 eposent que désirant faire jouir le nommé

714 1695 1437 117 Patrice leur fils, créole agé de trente ans de

717 1789 1440 128 la précieuse faveur de la liberté qu'ils ont eux

720 1868 1460 128 mêmes otenuis du feu S. LEveille leur maitre

720 1958 1451 138 ils Sollicitent du gouvernement la confirmation

722 2058 870 116 de leur affrancchissement.

834 2119 1326 146 VÛ l'éxpédition de l'acte au rapport de Mʳ

722 2218 1438 132 Jⁿ Fᶜⁱˢ Dutrévou notaire à l'Ile de Bourbon

725 2306 1420 146 y résidant au qⁱᵉ Sᵗ Denis, par lequel ledit

302 2402 1846 120 Janvier homme libre; et Anastazie son

731 2414 1461 205 épouse, déclarent affranchis de toute servitude

722 2572 1423 123 le nommé Patrice créole leur fils et leur

722 2656 1482 135 esclave agé de trente ans et afin qu'ils ne soient

720 2745 1445 134 point à charge à la colonie, lui faire donnation

725 2832 1479 132 1°.) d'un terrein d'habitation situé dans les

722 2920 1464 143 hauts du dit qⁱᵉ Sᵗᵉ Suzanne, contenant quinze

714 3022 1428 123 gaulettes de hauteur, sur treize gaulettes

720 3101 1466 132 de longeur, lequel est borné au levant du Sieur

722 3192 1471 166 Guy Léon, au couchant d'un chemin qui conduit

1366 3338 33 99 8

1920 3282 219 126 dans
