2079 3508
1903 14 82 85 5

365 105 1485 143 colonie, laquelle sera comptée par ledit Sieur

365 210 1620 137 Dulac, à la dite Angélique, tant pour elle que

371 289 1655 149 pour ledit charles, son enfant, aussitôt l'obtention

383 403 906 126 de leur affranchissement.

459 473 1579 146 Vû l'avis de Monsieur le procureur général au bas,

397 581 1641 141 de la requête conterant que les formalités et données

388 675 1635 146 par les lois ayant été remplies et ladite affranchie

412 771 1605 141 ne pouvant au moyen des conditions exprimées

415 856 1611 140 en l'acte susmentionné être à charge à la colonie,

418 955 1482 129 il ne voyait pas d'empêchement à la demande de;

476 1031 1544 147 Et attendu que les autres formalités préalables

435 1128 1603 149 à l'affranchissement, et precrites pat la proclama¬

450 1230 1544 126 ¬tions des 19. Novenbre 1811, et 4. février 1812, ont été

453 1306 1558 146 remplies, Nous confirmons l'affranchissement,

456 1397 1506 143 accordé par le Sieur Bernard Dulac, officier

459 1485 1541 134 de santé résidant au quartier St Denis Ile de

456 1578 1564 135 Bourbon, à la nommée Angélique son esclave

464 1666 1562 134 créole agée d'environ vingt ans, ainsi qu'au nom̃é

462 1748 1596 146 Charles, aussi créole son esclave, agé de douze mois

479 1841 1570 146 enfant de la dite Angélique, et délarons en consé¬

485 1920 1553 164 ¬quence que ladite Angélique, et son fis Charles

482 2020 1596 146 jouiront à l'avenir des mêmes droits, avantages privilèges

491 2101 1549 141 et immunités, dont jouissent les personnes nées libres

497 2186 1541 152 à la charge par eux de se conformer aux obligations

502 2268 1559 143 et conditions imposées par lesdites proclomations des

520 2359 1547 143 19. Novembre 1811. et 4. février 1812. par la proclomation du

517 2446 1562 132 8. Décembre 1812. et par les autres règlements auxquels

529 2531 1412 140 il n'est pas dérogé par lesdites Proclamations.

634 2616 1313 111 Donné au port Louis, le 21. Juin 1814.

953 2701 988 140 Signé / R. T. Farquhar.

602 2797 535 135 Par Ordre.

564 2870 903 149 Signé / Ch. Telfair

605 2952 1362 167 Secretᵉ en chef du gouvᵗ par intérim.

1491 3089 111 76 Vû

833 3227 985 115 Dépᵉ serctʳᵉ du Gouvernement par intérim.

1078 3370 51 70 5
