2104 3513
398 64 1541 137 d'eux d'une somme et quantité de trois cents Piastres

395 161 1565 143 effectives òu valeur en toute monnaie metallique

395 248 1547 132 ayant Cours, plus aussi à chacun d'eux un noir de

392 339 1498 129 la valeur de cent cinquante Piastres les quels

392 427 1503 132 quantité de Piastres et noirs le dit donnateur

395 506 1527 129 promet et s'oblige de remettre aux dits Victoire,

392 585 1544 141 Louis, et Héloïse, aussitot que leur affranchisse¬

392 679 1498 137 ¬ent aura été confirmé, Et quoique les deux

392 761 1583 143 plus agés de ses trois enfans, soient par leur propre

404 854 1547 126 industrie capables de se suffire à eux mêmes,

404 930 1576 139 le dit Joseph Marc Calia, s'oblige néanmoins, indé¬

398 1021 1568 147 ¬pendamment des moyens de subsistance mention¬

401 1124 1547 131 ¬nés ci-dessus, de les nourir, vétir, et entretenir,

401 1191 1544 161 ainsi que le plus jeune dentre eux jusqu'a leur

416 1320 354 114 majorité.

465 1358 1492 161 VÛ l'avis de Monsieur le procureur général de l'Jle

407 1454 1570 141 de Bourbon, au bas de la requête contenant que les

407 1531 1582 169 formalités ordonnées par les Lois ayant été remplies,

407 1618 1544 161 et les dits affranchia ne pouvant au moyen des

404 1709 1553 147 conditions exprimées en l'acte susmentionné être

407 1794 1582 167 à charge à la colonie il ne voyait, par d'émpêchement

421 1914 689 114 à la demande.

448 1961 1562 164 Et attendu que les autres formalités préalables

404 2055 1609 164 à l'affranchissement et prescrites par les proclamations

413 2151 1585 138 des 19 novembre 1811 et 4 février 1812 ont été remplies,

416 2236 1535 170 Nous confirmons l'affranchissement accordé prar

416 2315 1579 173 le nommé Joseph Marc Calia, homme libre pêcheur

416 2418 1550 155 demeurant au qᵉʳ Sᵗ Denis, Jle de Bourbon, aux

416 2494 1544 161 nommés Victoire, agée de dix neuf ans, Louis agé

413 2590 1585 167 de treize ans, et Héloise, agée de Sept ans, tous trois

416 2684 1579 149 créole ses enfans et ses esclaves, et déclarons en

407 2757 1612 173 conséquence, que les dits Victoire, Louis, et Héloïse

407 2880 1503 158 jouirons à l'avenir des mêmes droits, avantages,

419 2956 1597 193 privilèges, et immunités, dont jouissent les persoñes

421 3068 1545 155 nées libres, à la charge par eux, de se conformer

445 3126 1559 223 aux obligations et conditions imposées par les

1828 5 94 112 18

920 3322 85 103 17

1778 3217 229 149 dites
