2046 3508
17 32 152 152 14

260 285 319 138 Le Sieur

58 394 657 120 Laurent Philippe

272 494 289 105 Robin,

266 581 325 132 en Faveur

386 666 64 61 de

172 675 404 137 Sans Souci.

190 780 287 187 A.566

1185 105 861 115 Au Nom de sa Majesté

1097 187 934 143 George IlI, roi du Royaume

1106 280 887 138 uni de la grande Bretagne

1103 368 471 117 et d'Jrlande.

1024 441 1010 158 Son Excllence R. T. Farquhar Esqʳᵉ

1036 558 977 123 Gouverneur et commandant en

1036 646 983 140 Chef aux Jles Maurice, Bourbon

1039 736 980 135 et Dépendances, Capⁿᵉ Général

1044 827 978 134 Vice Amiral &ᵃ &ᵃ &ᵃ

705 947 1341 201 VÛ la reqete à nous présentée par le Sʳ

629 1116 1396 132 Laurent Philippe Robin, négociant demeur¬

638 1219 1387 119 ¬rant au quartier de la rivière d'abord, paroisse

635 1306 1411 103 Sᵗ Pierre en date du 18 décembre 1813 stipulant

638 1388 1408 120 par le ministère de Mᵉ Henry Joseph Grevlan

635 1476 1378 128 avoué, demeurant en la ville de Sᵗ Denis ;

641 1567 1405 122 par laquelle il expose, que voulant reconnaître

638 1660 1372 114 les bons et fidèles services que lui a toujours

649 1736 1367 105 rendu le nommé Sans Souci, indien, Son

643 1824 1376 125 esclave domestique agé d'environ Trente

646 1914 1400 126 six ans, il désire le faire jouir de la liberté

652 1999 1367 129 pourquoi il Sollicite du gournerment la

649 2093 1356 125 confirmation de son affranchissement.

714 2174 1305 150 VÛ l'expédition de l'acte au rapport de Mᵉ

655 2274 1391 117 Jⁿ Bapᵗᵉ Hocireau notaire en l'Jle de Bourbon

595 2373 1451 142 y résidant au quartier de la Ri^ère d'abord,

661 2470 1361 108 paroisse Sᵗ Pierre en date du 18 Novembre

667 2543 1379 117 1813 par lequel ledit Sʳ Laurent Philippe

664 2627 1382 144 Robin, déclare affranchir de toute servitud

673 2727 1346 111 le nommé Sans souci, indien son esclave

673 2800 1343 117 domestique agé d'environ Trente six ans

673 2891 1343 108 et lui faire donnation d'une somme de trois

670 2967 1308 137 cents Piastres effectives, qu'il promet et

667 3049 1323 131 s'oblige de lui compter aussitôt que son

682 3139 1337 129 affranchissement Sera Confirmé; laquelle

687 3233 1359 152 somme, jointe à celle de quatre cents piastres

1276 3371 61 96 14

1830 3361 201 106 qu'à
