2182 3501
160 192 383 111 Le Sieur

11 271 649 178 Bernard Dulac.

181 420 341 75 en faveur

52 458 508 148 d'Angélique

75 571 430 85 et de Charles

131 636 394 107 son Enfant

81 708 365 199 A. 561

1241 70 867 122 Au Nom de sa Majesté

1104 137 984 145 George III. roi du Royaume

1121 242 970 134 uni de la grande Bretagne

1109 323 485 120 et d'Irlande.

1086 399 1040 158 Son Excellence R. T. Farquhar

1092 504 1028 132 Esqʳᵉ Gouvernement et Commandant

1098 592 1031 131 en chef aux Iles Maurice et Bourbon

1107 688 1001 123 et Dépendances, Capⁿᵉ Général

1086 773 1018 128 Vice Amiral &a &a &a

660 904 1495 178 Vü la requête à nous présentée par le Sʳ Bernard

601 1053 1554 125 Dulac, officier de Santé demeurant au qʳ Sᵗ Denis.

610 1140 1536 134 Isle de Bourbon en date du 30 mai 1814. Stipulant

610 1234 1539 116 par Mᵉ Dutrevou notaire à la résidance dudit,

607 1321 1548 131 quartier ; par laquelle il expose que satisfait

616 1412 1533 125 des bons et fidèles services de la nommée Angéli¬

628 1496 1521 140 ¬que son esclave agée d'environ vingt ans, bonne

628 1590 1527 107 domestique, couturière et blanchisseure, voulant

636 1671 1522 111 les reconnaitre il désire la faire jouir du bienfait

636 1762 1508 113 de la liberté ainsi que son fils nom̃é Charles,

648 1861 1490 122 créole agé de douze mois, pour quoi il sollicite

651 1943 1504 134 du gouvernement laconfirmation de leur affran¬

668 2036 611 99 ¬chissement.

771 2106 1361 131 Vû l'expédition de l'acte au rapport de Mʳ

663 2199 1475 123 Jⁿ Fᶜᵒⁱˢ Dutrévou notaire à l'Ile de Bourbon,

660 2293 1486 113 résidant au quartier Sᵗ Denis, en dâte du 10 mai

660 2377 1495 111 1814. par lequel le Sʳ Bernard Dulac, déclare

663 2456 1486 131 affranchir de toute servitude la nommée Angéli¬

665 2546 1484 129 ¬que, créole son esclave agée d'environ vingt

657 2634 1516 128 ans, bonne domestique couturière et blanchisseuse

668 2733 1458 126 ainsi que le nommé Charles aussi créole

665 2824 1461 134 son esclave, agé de douze mois, enfant de la

663 2917 1486 131 dite Angélique, et afin qu'ils ne soient point

665 2996 1481 134 à charge à la Societé, il leur fait donnation d'une

668 3095 1420 123 somme de quatre cents Piastres valeur

674 3177 1443 140 métallique d'argent en circulation en cette

1206 3343 52 99 4

1805 3273 298 134 Colonie,
