2079 3508
479 42 1480 171 les loix ayant été remplies, et la dite affranchie.

473 163 1524 135 ne pouvant au moyen des conditions exprimées

470 242 1547 135 en l'acte susmentionné être à charge à la colonie

470 321 1436 143 il ne voyait pas d'empêchement à la demande ;

500 397 1538 146 Et attendu que les autres formalites préalables

464 491 1579 149 à l'affranchissement et prescrites par les proclamations

473 584 1559 135 des 19 novembre 1811 et 4 février 1812 ont été remplies,

467 660 1515 146 Nous confirmons l'affranchissement accordé

464 760 1547 137 par le sieur Joseph Fouques, médecin demeu¬

464 847 1524 155 rant au quartier Saint Paul Jle de Bourbon,

467 935 1571 129 à la nommée Luce, malgache, agée de quarante

464 1031 1538 117 ans son esclave domestique, et déclarons en

462 1113 1561 132 conséquence, que la dite Luce, jouira à l'avenir

464 1201 1533 117 des mêmes droits, avantages, privileges, et

462 1292 1549 117 immumites, dont jouissent les personnes nées

462 1362 1573 137 libres, à la charge par elle, de se conformer aux

462 1449 1567 144 obligations et conditions imposées par le dites

456 1528 1561 147 Proclamations des 19 novembre 1811 et 4 février

459 1625 1564 134 1812 par la proclamation du 8 Décembre 1812

459 1715 1549 161 et par les autres rêglemens auxquels il n'est

457 1806 1487 171 pas dérogé par les dites Proclamations.

564 1885 1403 135 Donné au port Louis, le 23 Juin 1814.

921 1976 1061 134 Signé / T.T. Farquhar.

497 2075 538 126 Par Ordre.

511 2136 930 182 Signé Ch. Telfair

742 2233 1284 149 Secret. en chef du Gouvᵗ par intérim.

1356 2329 141 109 Vû

742 2528 1108 105 Depᵉ Srcrctᵉ du Gouvernent̃ par Intérim.

1912 2 85 71 11

979 2681 971 148 Au Nom de sa Majesté

1000 2788 1058 138 George III, roi du Royaume

1008 2879 1009 146 uni de la grande Bretagne

1008 2987 591 102 et d'Jrlande.

959 3040 1117 143 Son Excellence R. T. Farquhar Esqʳᵉ

982 3177 1056 152 Gouverneur et Commandant en

932 3309 82 76 II

1839 3253 187 138 chef
