2288 3513
99 23 120 108 12

372 91 456 143 La Nommée

380 286 320 65 en faveur

418 196 241 114 Emilie,

527 333 44 79 de

319 363 451 125 Jean Marie,

506 442 71 70 et

208 468 570 137 D'Antoinette Marie.

287 576 316 106 A: 565.

1335 93 949 224 Chef aux Jsles Maurice Bourbon

1338 201 920 173 et Dépendances, Capitaine

1344 295 850 144 Général, Vice Amiral

1347 380 861 144 &ᵃ &ᵃ &ᵃ

814 533 1444 190 VÛ la requête à nous présentée par la nom̃ée

741 685 1500 128 Emilie femme de couleur, affranchie du Sieur

735 778 1520 120 Haulier dit Vermanton, habitante demeurant

732 869 1514 123 au qᵉʳ Sᵗ Denis Jsle de Bourbon en date du 18

738 963 1517 120 Décembre 1813 Stipulant par le ministère de

747 1056 1511 112 Mᵉ Henry Joseph Greslan avoué demeurant

741 1147 1520 123 en la ville de Sᵗ Denis, par laquelle elle expose

744 1238 1497 117 que voulant donner aux nommés Jⁿ Marie,

747 1326 1494 120 créole agé de dix huit ans et Antoine Marie,

752 1413 1512 123 aussi créole agé de dix Sept ans, tous deux ses

758 1501 1488 114 enfans et ses esclaves, des marques de son

758 1589 1506 111 attachement elle désire les faire jouir du don

758 1674 1500 123 précieux de la liberté pour quoi il sollicite du

761 1759 1503 120 gouvernement la confirmation de leur affranch.

761 1844 393 102 ¬sement.

864 1932 1385 123 VÛ l'expédition de l'acte au rapport de

770 2017 1488 128 Mᵉ Jⁿ Fⁱˢ Dutrevou notaire à l'Jsle de Bourb

770 2116 1474 120 y résidant au quartier Sᵗ Denis, en date

770 2201 1471 111 du 26 mai 1813 par lequel ladite Emilie

770 2283 1471 132 femme de couleur libre, déclare affranchir

776 2371 1473 132 De toute Servitude les nommés Jⁿ Marie, créole

773 2476 1441 111 agé de 18 ans, et Antᵉ Marie aussi créole

776 2558 1479 120 agé de 17 ans, tous deux ses enfans, et ses

779 2649 1485 111 esclaves, et afin qu'ils ne soient poin à charg

776 2716 1485 129 à la société, elle leur fait donnation d'une

776 2813 1491 123 Somme de Trois cents Piastres, valeur méa

776 2898 1500 123 ¬lique d'argent en circulation en cette colonie

785 2994 1470 123 la qu'elle leur sera comptée par moitié pour

782 3077 1506 140 chacun deux aussitôt que leur affranchisse¬

793 3161 788 126 ¬ment sera confirmé.

902 3243 1377 158 VÛ l'avis de Monsieur le procureur général

1453 3372 76 100 12

2121 3372 134 79 De
