3508 2379
1062 5 2344 103 Ee toyeume Julleene Conty fille mmeure de Deuir Contjldo

3270 174 132 55 ar

1073 124 2161 127 Catherine Ses fere Luere tous troit quis nores dun

1099 257 2300 109 Sud Cacups des malubards a cet effet a eté Eftruit

847 440 2540 145 t Veur damitie que les dits fuliurs Epoux out dit Se ported

756 564 2639 147 ets se sout faits lt Se fout Pad ces Préseutes donntion matielle  Egale

766 711 2646 156 pure Sicupte, reu proque le prevoiabl Sentre vifs au tant que donnation

745 837 2584 156 puiste Se faire Lavour Lieu Lun l Jantre de Cute fruit de

683 981 2592 156 dehacun Leurs vens et ceux de la ditte Commusiante pour par

708 1087 2645 177 se Survivant en jouis audit Citre dasu fruit Savi

684 1233 2641 152 Durante a charge de faire faire intentaire pour Coustateer La

688 1369 2677 152 Malure l la valleur desdits Bun ce Acepte res putevemen par

687 1490 2626 163 Les dits fateurs poux aux quels a l'un omme a fautre et

712 1596 2629 177 ra Loisible a elui deux deu f qui Surviver le preice

730 1715 2652 189 ede de faire l dispoter de Son Vevan aussi l Poyine Bou

716 1860 2624 164 i Semblita de sa Moitie dans tous ses dit Biens entonte

1862 2201 69 118 6
