2479 3375
363 1 630 90 Lougi Sur treize de targe

380 1 1228 164 Sar dit toiors Ses poure. du Coté du Comp dit quis les

367 1 1935 239 duze touses du Cote du Fonton ce dantre Coté sur sep loites quatre Poures, par ledit

369 31 1993 274 Gerrei de dupuy la d^i Cattse telle quell se poursui e Domperte Sous toutt garentie de

343 101 1995 298 Revenduation le de trate faite Pour trois uilla livres que led artoux Ma payé Comptant

420 183 1937 265 moyornoux déclare etre Contant de lade huce Ee Acepte Comme il Estdit Pord de

393 268 1935 277 laMontagne sept Prairial au 7^° de la Régabliqne f'une a Judivisible

451 346 1864 278 Signé avec approtatioe déesiture arnoul de Borne. la trduvat Massignés aubisn

388 410 1935 289 dapuy a Pierre arnoutd Sommes Consenat des qui suul que noi aubun de quy reconnoit

384 498 1937 268 avole Veude audit Pierre arnent de deus Cais Convertes en Bardeaux Edal chespentts

386 555 1920 281 l'une dedis ped quarrés e l'autre de don ye Peir quarres, te tout Setué sur un terreis

391 635 1892 268 nou Coéde Borué du Coté de ctémamie onze Vones Deuxprede aelue lagran de Recl

391 706 1960 257 dite entrecatean Sept hoises quatre les dite Cont Celles quelles S poursuivent trendeut

410 787 1845 255 Es Comportent sons toute garantie de Reven dication la Mrivante faits pour la

408 901 1461 218 Somme de quinre Cent rivres que led arnould ma payé Compolar

476 920 1845 257 Et moy arnould déclate etre Conteut de ladteutd l frcmplé Comme il Est

2081 1080 84 93 D

423 1010 1930 242 dit Signé avec approbaliere desitares du pry la mould. adjuge au f a moule

408 1140 1583 176 La nommée marie aune indiaine moyt 21Jc^t Pour acquil Derrant

451 1179 1872 229 Se Leconnois avoir veuda une aegreste à a rmoute malgache pur prit le

425 1263 1933 242 Sre de quiize Cent Cinquante Livres dout Rene Valeur Content dons quittance

433 1408 1309 168 Au Port le 3avut 1793 approuvé l Eesiture signé Garry

483 1434 1860 227 Jl En aisi horignians Aqupés a la Frendire minule de la donation dond

451 1541 1842 202 Capedition et desantres parts Le tour Resté a durans Leun des no^ʳᵉ Soussigné.

440 1698 596 132 Signé durand at urom

630 1695 1655 187 Enregistré par moi Greffier du tribrmat revd delhle de France nussigné

654 1771 1682 164 Sur une expedition de la ditte donation amoi pesentée acet effes et

658 1848 1655 158 par moi dessitt rendue apee mentionn faste rer uelle du present

669 1983 341 72 ennegistiement

665 1931 1699 210 Audoit du non oinst Jle de France le Virgt quatre messidor au quate

650 2070 1078 155 dela Nepubligne francaise une et indiveuble

1777 2066 221 120 Busnon

508 2285 1796 163 Psdevant des nd^te Jublies a l'Jste de France Ee les tes moins ca pres

112 2418 341 107 testament de

491 2349 1856 180 nommé Soussignés fut prisennt le C^unt Claude pouti ralif de auvouné de partinent

112 2491 338 102 de Aaude Pente

480 2445 1869 153 de la Cotte dot fils de Cherude peuti te de Michile Boussar lequel Etant dant Sout

481 2503 1864 176 Lite Se la ue Pavitlon Pres le bezard de Catte qelle appartonnl au Cen Cailte au garde

375 2606 33 137 4

489 2593 1815 144 Magalie de laieputtigne nata lle Cops maite nancon saie desgres ratroire Ed dautenand auty qui

483 2655 1804 155 et apparée aux dipndʳ Ee temoint dant caveur de Latrore Cragueantt d'en ete Sarprs avant

487 2730 1804 140 da voiduit ordre a set affaire a fait dicté et nommé le présis sou tistament Dordonnace de

489 2788 1851 155 deuires Notouris quil tantt De laterd itre Eemté a prés sa ote de la anierd Danii quil Suût

543 2870 1785 130 Veut et Eabend le Testateur que la trommée touise regrene de Coyte ma la bas de Son Ecclave

515 2928 1798 156 Ainte que l'lafant quelle a Sos Pibre de leuurt persomnr Ee qua et Effre l'Exemtenr

502 3011 1864 140 Testamntaire en après nomme Caie toutst Let demarches mussaires pour leur faire Confomed

513 3073 1851 159 Peuu liberte. le pour que loditte Souie Ed Son Enfant Ainy que Cali dout Elle

1252 3279 116 84 002
