2479 3225
539 1 1341 90 Daqlelle Eitoyenne Bertingt a let que, en

417 17 2053 178 Auquiauter sor atterchement, pour ui fennr En fante, né de per

392 129 2029 175 Et mère imonne Saiy qu'il est Costaté luis Rxteit

392 202 2054 233 de Bapteur dudᵉ Cu sant au datte de Vingl trosis juin aul

392 302 1972 228 Sept Cent quatre Vingt quatre tire des Rigistre de Pa

383 435 2033 208 Paroisse de Cette Ville Seur Lequel le dit en font a eté

390 532 2029 209 nommé touis Plia Riné ; et desieuré le dit Ehait a

397 671 1994 176 a Requisition cet Comparante Anises a la tremière

388 732 2074 228 minatt des Présente après aroie eti des dits Comparant

390 842 2042 207 Sgue et parafhe en présenc de mo^re Soussignes, lequel la fanda

2294 915 136 84 14

394 956 1808 192 été aporte tort de sa naissance ant La maison du

378 1008 2083 255 Quihet daulbest Pers de la Comparante chez lequel elle dementoit

367 1139 2083 217 Sette la Elexe Jusqué ce jour avii tout les Lons qu'erige

394 1255 2070 217 Aumanité, que l'Enfant de Sou Coté Repoud autent qu'il

388 1343 2078 226 le peut Pau Sa, Reconoissance Lad Cinme estiarting voutant

365 1442 2072 224 Lui donnn La dernère preuve de Sat andeeste et Anontuméé

376 1556 2051 208 de puis longteups a la lequrdee Comme Son fils deireseit

396 1642 1993 221 hy en donn Letitre le sux faire oblenie Par un Contrer

374 1728 2045 239 Civoy la lauq et les Prerogatise au quels pouvendprèteu dre les

397 1947 409 115 En fantde ui

876 1818 1549 183 de Mariage legstien. et Par le C^en ptierbing a

1209 1954 183 72 24

1611 1967 66 48 30

1690 1958 12 55 1

385 1949 2036 208 dte dit qui de serant de sou Coté donne a la pme son Epous

383 2160 470 97 un nontelle pres

833 2040 1579 176 uve de Sainite qu'ils Lupporte et la fair

860 2191 104 55 dv

376 2135 2047 204 tepailles sur un objet qui luy paroit aussi cher lu Contequentl

376 2255 1909 194 le C^te Esturting l la C^eᵉ ou Epoure adoptent par ces

372 2304 2020 258 Présenter Ledit Louis filis Reué pour leunr fill ; voutalt qu'il porte

374 2395 1979 256 leur not Soit Reputé Leur en fant a Comptece dect gour det

378 2499 2040 247 partage comme tel dans Leurs Sucession Sant Ce peu Sant par ris

363 2606 2064 239 Compaidn tutendre dérogen en ien aux clauted de leuur Centrant

387 2709 2011 213 de Mariage Betatives a Louvestares de teurs Succetsion Ei cas

397 2802 1945 225 dedués de sun deux dont adu tous Les déts Comparant

996 2952 27 56 4

1152 3126 54 84 7
