2479 2650
1774 1 104 32 7t

499 1 532 118 1vreauve mazir

471 1 1228 180 delle aucsle pouur cite le es cint lu

487 1 1980 269 En jouir faire ldisposés et toute pro priele aini que

2231 133 130 96 1

543 80 1726 270 es helé tiers éuuilteurs layant Ranse Eqemed

505 181 1632 269 é a elle Ea eux appartenante iun

517 257 1885 298 Pegitimemeut au moyen des Réseulet qui seront nomuls

518 340 1878 309 auregard de sas ditte donna hon par tout ou besot sera

2001 574 18 57 1

2050 528 418 127 Bien Eu leu due

537 432 1934 320 dous tituaut a cette fint pour procurenme Le porteer d'une Eppedition

527 590 1437 253 du Trésont Contrat Lui en dounant tous poutoirs l

527 824 294 131 que Sil

836 640 1506 271 ya Survitance deu fant La donnu lion cy de sus

524 962 283 89 demeurera

826 725 1563 299 Sans efels de tous Les quels Biens apportés le

533 831 1935 320 donnés laditte fcture Gouse Semparera dainsy que Sesd'Eu fan

530 959 1928 292 austitot ce deces du fateur Gous dud curptus de bieu

540 1033 1871 325 Doutet charges l les d deux Sommes qu'il sourroit a voir

531 1139 1925 305 donnes au a dits heury le Estienne peleve, Sans que ces dent

1581 1283 797 158 pelés l Conourise four

525 1350 1002 200 deriers ne Suisse Pariilement etre

534 1364 1922 287 deur part Castuipation Egale avec leurs ditte mere  Sausliu

534 1559 1382 200 Surplus auvitot a pres le dues dud jutur Eoux

680 1601 1720 236 Car ainsi a té Couveme l auorde entre les jar tas

553 1682 1877 255 eu la présune dn leurs parans ll amis cy apre soussigres, qui

550 1757 1899 258 pour léxémtion plaine leutiere du Présent Contral out Eliû

517 1862 1944 265 eur donnites Frrivocables en Leurs demeure cy devant decaree aux

1359 2025 88 78 ee

542 2058 754 150 quels tieux gls Consent

2234 2086 189 59 amée

774 1991 1649 271 Enregistré par moi Greffier du tibiena cévi de losle de France

782 2115 1428 205 toussigné sur une expedition deedit contrat de mariage

785 2164 1658 209 représentée aut effei et Eleneite per moi reudu après meulion

779 2283 976 157 farte Sur culle du present enregistrement

780 2253 1690 261 autort du Nod dient Jilede france le Six Gemincal an qualie de la

786 2488 62 88 Re

929 2446 423 103 f un et id

1415 2443 258 120 Juvon

1343 2445 1124 203 et de Mariage Reuu Par Ce list qui la
