2600 2483
2257 1 336 88 f aile

505 114 2089 99 aus chet lui let ustemites de muniterie te les ontits de lesue fante

491 183 2103 148 luis Restotont auise que lestivren pour six a Mi mois put le pountrélles

517 262 2058 172 qui est a leudroit au il de Meure ainsi que les Cochonr Rut a lui

505 340 2089 222 za Resoumande a la foustandure de doui cequ'il pourra faire de

487 431 2100 207 air pour lui dan le cas vu il aucoit quelque petilis Desont

580 528 2013 210 Je douse a mou truruer dernestiqnes Copidon Vonce les Bour ters

892 623 1667 183 deude sa liberté ainsi qui le funme Pole isous let

494 725 364 121 qu'éle cax

481 715 2098 214 Con ditont qu'il serpoiont mon aini la Corstandiere deaux aas entrois

483 798 2039 231 leuu enquatite de Conmandeme l Puutre de Servente la Contandiere

857 1059 46 44 12

474 886 2112 216 Sera charge de luis faire procurer leur titres de libens ye leurs

418 965 2162 250 oune ausie vingt apeur de Perren dit grage Barbe apartenaut a

441 1051 2116 266 Cy devant au Dt le jigt mougeret je charge la Courtandière de leur

471 1143 2122 255 En pasier teute lu mou nom au donnation di cette formatité est necestaire

1145 1226 1431 176 aite de propriété a llivatette ee aprran deu

1640 1299 947 152 Aaire davoir soins de Sesdent

935 1367 72 95 4

594 1415 72 43 38

830 1391 62 94 fa

712 1408 58 112 5

1504 1430 114 98 6.

477 1448 144 83 de u

825 1452 256 88 ne Desin

1119 1521 114 69 3

474 1488 276 139 que Jes les

1264 1451 1262 219 La courtandiure que jastites mon légataire

471 1589 301 122 Boasart

836 1576 290 155 légué à

1377 1544 1123 196 La purtandare Le muitre de toutes me

670 1689 91 55 ecrl

491 1707 147 100 Jec

1439 1722 27 64 4

857 1673 523 154 qu'à ma ome

474 1778 323 113 auzruel a

691 1863 32 80 3

764 1624 1812 304 predent vavenmer a près avoir faistoit les dous à mon nom des objil

465 1902 213 131 Porapt

619 1731 1950 328 unasse demit aux différent personnes Rque je lesai le qué ce lantre

471 2012 112 81 Ciare

874 2110 23 50 4

458 1830 2118 345 moities sert auvoyer ames teute que resté à paris je lé prie de faire toutre

964 1924 1615 258 de lévoie dans quil quartur de paris elles demeurent ll de

779 2146 142 114 Jr

995 2018 1574 231 bator de Suitir ma ppétité testrer dechangs a dreser a

458 2172 283 88 Quil pour

546 2196 440 164 fadie pasler

1054 2096 1532 249 e havardile etoie smorte, au quil venx a a peudrt

459 2302 65 49 Von

892 2287 118 96 Se

458 2310 427 145 de da letaciir

815 2197 1742 279 1 leur ort il dis psera des fon de de beurs Secamot

1363 2298 1166 183 laut afaire dubun a der utheurenp denotre
