3050 2479
2621 11 276 77 Gunzier

553 89 2422 140 omarante ainsi que tous Ceur que Pourro posse éor

2665 170 80 82 2

546 173 2001 146 le elur Epoux jois de son déces ce dermoin ey y

524 225 2439 186 Dounation eu toutte proprieté par ces presente a la d.

513 307 2513 231 Marie jeanne ela fature Touse la ses ru funs de Son

504 409 2495 227 preauxe marcave avec ledit Louis di mari bune Ca parr

508 502 2522 238 Elle aucle pouur Ete leseiltt la dans, pour pareux

508 600 2488 242 En jouir faire l disposer ett toute prr pricle ains qu

2799 780 82 94 —

585 903 142 61 2

746 712 2050 221 heritiers Sucesteurs l ayant Raure Coare

517 823 2121 248 r a elle la eux appartenanle un

574 939 2380 257 rgtimemeul au moyen des Prédeulet qui seront noimuels

546 1056 2384 274 auregard de sa ditte donna Lon par tout ou besonm Sera

585 1137 2420 307 Cus tituaul a cette fin pour procurence Le porteerr d'unn Eppedité

546 1262 2450 302 du Présent Contrat Lui endonnant tous poutoirs M^e Bieu Eu leude

549 1403 2332 278 aue Sit ya Survivance den fant la donna lion er de sus

533 1521 2386 307 demeurera sans Ifels de tous res quels ieus apportée l

544 1645 2488 303 donnes la ditte fature Gouse Semparera ainsy que Ses d'lu fai

541 1813 2424 265 rustitot Le éeces du fatiu Gous sus curptus ce tient

560 1908 2399 298 Dorthe charges Elesd deux sommes quil pourroit a vons

542 2019 2470 300 donnes au a dits heury le Estienne pelevce, Sant que ill sent

2700 2193 176 80 11

1905 2214 784 124 27 llé3 4 Cou curire

544 2254 1296 200 deruers ne suisse Parcillement etre

2704 2295 308 117 dau ér

1621 2334 1068 143 gale atec feurs ditedmer
