2479 2717
434 1 511 85 Lui faite du den an

1180 1 298 74 Su gage

428 4 909 166 Gagréacatd de la pourtandiere que su

1363 1 845 149 Selle q la maprette de ce

1770 46 503 120 ni ai faisie au

427 89 925 185 quil pait re trer grand avoitage Poi

1402 135 186 111 Je2g

1672 87 43 115 4

1524 134 797 186 se, elle lepreferd. Ete

410 182 950 181 Ca cant elle leue donnera La nodite

578 229 924 204 datled ser mê deet en argent

418 445 240 81 noura ae

715 226 1596 279 oindemintd a touie dermie,; qu'elles ne pourra jamaé sndre

1093 333 1132 210 iva amoins que la Coustandiche tantorice

418 490 797 136 la Propriété aque pe fus dtin

1266 614 47 56 4

1318 605 22 51 4

1893 516 422 110 Mt Cliyabethaoit

413 440 1875 270 a le faire le en Caisant toutes sois un Risiptoit en aue autre Bon au

1035 556 837 189 colie que je lai laisse Sis laf

410 726 273 92 Mmois aussé

726 679 415 98 Densequat qui

406 635 1867 252 atrourie aisi que tant Sit en Cont son Bux Sera Aintie ditpore La troites.

406 698 1878 278 Retouran à la Cartandire at ales en Cantt Lautre moittie a Caire du Dients

400 821 1838 231 Aa parents de le yabitte zeprie la pust audivre agué je Auvaunande Clizabesse

431 901 1792 259 le lui donmèe Ceipé duu cn dorirt Voloutes a fui qu'elle ne lesignor Poit

436 1082 9 71 1

430 1079 1048 142 de Prerdre Soui de la interil

1452 1052 799 181 an l Bou Serviteu Pour léprix

1518 1189 101 42 355

419 1162 1774 228 des Bout Serie qu'il na Reudiu a que jilature lui ête legibremaet

422 1394 651 70 deue Sa femmme  al

708 1248 1456 193 antont que pour qu'il lui saue Savr lui meie Sou aite de

422 1313 1800 246 Libotté Cest un moyen que je lui Saisne pour quellEyiail obligationt, Ce outre

407 1400 1821 234 tait céo Ca Cantt Savoir privre Lounoré par lui Jutinn Lesit Pierre Negitte

421 1504 1813 210 olisnttre La nannal Rouire qui est dant se momeat avee ua Belte aurealiste

323 1720 48 74 0e

425 1596 1810 224 de la Deuaion jagage la partandiure de faire touter les demantre

1013 1743 114 47 2

421 1684 1816 204 nassairet poire le Procari alle Petite regreste que Jai loisé amae detle mee

425 1864 631 119 Savie durante a condition quei

1047 1764 1182 181 saptoit qua Sauil eaayantd cansas soint ce.

424 1853 1789 199 de ue la Reantre ainsi que les e fants quelle Pouit Favoir au dans les Cours

421 1932 1833 199 et tumps quelle ararété e ma Belle mare acharge San roi de

430 1987 1830 215 donner a lismiat Gitien le pris dun Jeant nirt ou na Juire nois je lui doent

427 2179 90 45 der

418 2092 1795 185 li outre Soisaatte atporr de tears provenuite duterrois que fai aequis de ll

421 2161 1680 196 Le jugae ndegent, terrain dit grand Barte in devant aux lardent Senga

424 2232 1792 187 aussi mmoi axié le Corstandier d'a vullie auze gatouts de le Bon Serntur a de

427 2306 1810 184 l'aideu de ses putiit de Pengager Eat rantrd chance aue jas donner la liberté asis

433 2381 1756 198 Eu fauts qua londition qu'ils Se tout tome de Ma Veillet Cinq ou sis

1159 2611 60 90 18
