3513 2421
764 170 858 105 Suit La Tenur des Annires

827 231 2431 148 Entre nons Soussigne Sommes Couvenmt dece qui suit que ir Audré Bornd Reconois

721 336 2510 145 Avour veudu a parre arnont, une Cate Couverte en Bardeaut de dis huit jeds de

699 419 2523 143 Lonq, Sur treize de large Selue Suir au terreim non Conie de Borne par le fanal

711 521 2431 125 Sun dis toist Sis pourre, du Coté du Comp dit quus libris Pour don ze touis, par

695 602 2495 144 duze toises du Cote du Ponton ce dantre Coté Sus Syd loises quatre Poures, par le dit

691 688 2554 155 berreut de du puy la di Casse telle quelle Se poursoit le Domporte Sous touts gareatie de

589 789 2629 164 Revendication lad^e teute faite Pour trois uillte livres que led. Arzoux Ma payé Comptant

730 893 2505 130 moornoux diclare etre Contant de lad^ hute Et Accepte Comme il estdie Pord de

680 983 2518 162 la Montagne sept Prairial au 7^° de la Depabliqne C unc l Jndivisible

752 1104 2432 153 Siqué avec approbation deesitiuré arnoul de Borne ; latrduons Joussignes auben

641 1202 2553 145 daguy a Pierre arnoule Sommes Consenut dec qui suit que Moi aubii dapuy reconnoit

631 1295 2555 157 avole veude audit Pierre Arnul d. deux Cates Convertes en Bardeaux Eai chespentes

620 1386 2547 158 l'une dedis pede quarrés t lantre de donye Pieis quarres, le tout Setué sur un terres

571 1569 22 75 9

610 1474 2541 161 non Conide Borné du Coté de te monnadonze Voites Deux preds aur lagrande Reel

613 1581 2597 162 dite entrecasteaus Sept toises quatre les dites Cans Eettes quelles Se poursuivant tendus

618 1704 2502 129 Et Comportent Sous toute garantie de Reveudiuation La Aatvente faitepour l

608 1825 1986 110 Somme de quinze Cent rivres que led arnould ma payé Compotard

684 1896 2464 134 Et moy arnould déclare ete Conteul de lad teute l fample Comme il Est

616 2000 2598 149 dit Sigue avec approbation dsitares du puy lamontd. adjuge au Ct témoule

577 2130 2158 116 La nommée mari aune n doine moyt 2 four acquit Derran

636 2239 2512 137 Se Reconnois avoir veu du auu re greste a a mout e malgaehe pur pref les
