2758 2479
439 57 1919 127 quant aù Surplus decuque je posséclerai au jour demon deces

2365 85 308 125 je ledon

427 181 1957 109 et tegue au Cet Bestair dit Laimable cordonnéer en cette ville

418 291 955 107 constilice mon legataire universe

2457 224 177 88 eee

380 366 2270 153 Mou noir du Pentenms sivira laimable servera grates peudant un

130 537 82 70 3e4

413 455 2265 186 au de mon décès et aubont de ce temp, je pue laimabile de lsé don

411 548 262 93 Salibasté.

349 641 1992 155 à Je charge ledt Lannable de lexenition de mon present testament

396 738 2233 199 Cefie aunsi fat et duté par le testateur anour Notaire sans munute a le

407 829 549 135 requisition ci eusiiité

396 968 2254 197 et y pesseveur comme contruant les dernières velonté en presence dt Celogen

956 891 1640 148 aleui par nous lû et relû quil ce dit bien euteudre

371 1052 2263 212 Jean Chrisostome Collen Bourgeoi ce de Jean Billac Charpentier

371 1155 709 142 temoins. pour ce requis

352 1254 441 119 Vingt Messidor

1102 1221 1490 149 et appellés en la chambie tes designée le

819 1295 1856 191 au de la Republique francaise une et indiviuble veu

348 1357 2259 237 heuu heuires du motis et a le testatrie sgné avec les temoins signe

327 1457 1101 183 Levuyer Collin Billae et Durand.

341 1574 2228 227 Hest ainsi entongmal de la ditte peece demens signée et paraphée et de posée a

343 1662 2252 244 Durand lun d Notaires toussigné par acte du vingt cinq memdore au quatte

338 1744 1203 189 de la Republique francaise dcement controlle

635 1907 1928 229 Enregisté par moi Guffier dec tibunal nil delosle de france

1559 1873 740 143 siegues Durand et par

2304 1923 234 94 Neou

703 2002 232 117 Joussigne

946 2046 1621 214 sur une capedition decdie testament a moi pesente de

706 2120 1159 188 ett effet et desentt rendue après mention

351 2250 190 92 I

703 2215 426 102 amqutrement

1885 2237 754 122 rite sur celle du preent

385 2381 46 53 1

709 2306 1288 167 autor du Nondviunt Jlede france le vingt

694 2422 60 55 dr
