2533 2479
497 1 162 36 suns

2055 1 203 49 Ven de

483 1 694 113 maison a li appartenante

1358 1 338 92 aun quel esn

2239 39 182 76 Re

482 35 848 166 dspru memeire et entrudement

480 207 328 76 e temoins

827 1 1197 248 lequel dans lavrée eela mort cresignant

466 84 1754 287 avant daveir min ordre asen affaires àfait dicté et nomme

465 155 2034 313 prusent son testament et ordornance de demières volontes qu'il veur

455 258 1927 287 et entaud elr eicmlt apès la mort de la meniere et ainsi quiltiere

447 347 2052 279 Donnt et legue ala Citoyenne de couteur nommée a sette Bengalie lon

433 447 1980 293 affranchie, pusser le caffé en grain qui se trouvera lois de Son decès

440 564 2050 247 une Jaarie pleiie contenant envéron de cy cents leinee de teire une

438 661 2027 241 eateau partente une suvre ason choix une grande marnitte, deux

2064 753 362 92 C. une

435 809 1541 203 poitée, un pelon ares, un couvert dargent marquée

418 848 2099 259 bergere avec son matolat, une labile à cen teroir fermant a lef ; deen

415 977 1978 199 haises trois qurqulettes touter les assietes plats et bolles cqui se

410 1090 1979 167 trouveront lois deton déces ainsi equetouter les volailles. 2 cen noir

404 1181 2016 152 nommé Joseph de caste malquche invalicle pour pear la ditte cannette

398 1268 2019 160 jouur dutont pendant Sa vie durante après lequel tenis la prapéété

399 1374 1136 118 teur revestible aux hesitien de lui testatierr

395 1477 2062 126 donne et ligue le testatrier a la ditu annette une peusiors viagere decleux

396 1593 2077 109 centilevrer par mois payatelt tour les mois laquelle somme de meurra

391 1696 2016 99 hopotheque sur la maison qui ouceppe presentement lquelle maison

387 1794 1982 106 ne poursa étre vendu que dapes les odres de ser heritien et a la

381 1895 2000 118 dange de la reuditte peunon de deuy cent livres payables en la monnare

384 2002 870 88 que aura toums lois des echéamer

377 2103 1779 136 Donne deplus a la ditte annelle laus les granc nouricigrr graisse

377 2188 1945 147 vandes Solee qui Sitronveront lois de tou dlcer peur per leditte

2174 2158 284 71 veus ai

1318 2282 168 169 343

1228 2371 44 103 6
