2479 2483
478 1 614 101 alaeree flon rla chauy

485 66 377 95 ai tau paal

891 15 492 122 lea aa poble

480 1 1794 248 dam luar où l'us dear enfants vanduu a morser, lapapuité de

1314 84 920 136 et St les deux enfants veuxant

475 173 827 156 samoitté atan à san farr,

1677 142 504 113 ccy desis Regués

1808 230 153 56 1

478 296 290 98 à dt.

765 212 901 163 eur quele Aottilité desdits leaus

470 379 228 99 appertrene

797 368 107 61 peue

1038 302 522 107 raa Ses conse

480 311 1763 235 Je namt pour ause eatr lstementaice Lament aimé mon

1262 375 947 167 a deme donner cette marge

486 486 718 123 onnot et von veisin que je

473 463 1745 228 de fslior au destaisisent ele tout mer biens en ses manns

1278 619 83 55 1

1626 583 152 52 2

474 640 575 110 Suiant le Cdet

484 591 1767 227 défst duui taent qui vera pocipelement charge ele mer

2230 686 15 71 1

466 686 1728 217 effairs de comane, et qu'nn pourrait que d'iffintenment

462 744 1750 232 4 meler de lagesties dtemon habitation se des joiis que

475 846 1779 202 demanderon frae et le enfants, je rnoemme ausi pour moir

2084 942 108 131 9n

478 947 1489 175 ecilit aestamentrice mon ami Bastiabé Nicolar

467 1082 1046 156 pee de ncannter ame ledii banrent

466 1099 1735 199 au moyen du gsent levament qui contrent mer eleien

464 1189 1824 187 delantés jammille et révaqne tout autres testaments ae cadeciles

473 1329 1241 137 qa je parrsair avoir fait autrrimerement

462 1382 1793 162 Cesel ainn fais dieté et nomni per ledie Vellemenne et elur

442 1477 1863 149 la vcalé apès quil adie lévoir biedt entends et adéclaré qu'il

464 1572 1849 155 contrent effectisement au nolontér et asigné avec lesdits teumair

459 1653 1843 163 et les notate sousstqné ains agué Villemeene Anolas De maly

469 1793 258 116 et Grin

147 1874 397 77 234 180

750 1812 1577 131 Enregitre par moi Gruffier detibrinal ais. de lele de France suiigne

758 1918 1468 102 Ver une agedendt deudie Banant dignée Grainn et reveure

757 1994 1577 117 laditte cagdition amois presentéé a ct effet et de autrendue apres

757 2096 1130 89 nmidéc Jait mo iccelle du pesett nngahremet

754 2162 1576 104 au Pat nord amst Jle de France le trdés thernidor auquelse

764 2247 843 127 de la Nepiblique fraissaite cn d^t ea

1684 2255 262 107 Busson

1274 2376 21 87 4
