2479 3342
432 1 1976 78 per un bun comime ceiller; defont, ee delonte antie mameret quils

430 46 1998 135 jeyarant a propot pouron toute foir quil fon pluie tans rnque de les pudre

423 126 1953 135 et quels puessent veve cles levee j leque une somme de quatre

402 213 1995 115 melle livies comme dette tance que je don a francoir talserd mon

415 282 1986 139 fere, laditte fomme acgent de la colonie, en outre pleque acbu fils mon

419 360 1972 143 selleul une fomte de mille livies lettes de changé. Je donne a

330 558 43 67 1

421 434 1983 139 mon pere et a ma mere une fomme de trente mdle levies argent ele

421 503 1987 150 la Coloie  plur une somme de mille levrie lettres dechangé a char

419 595 1983 151 de mer fieu et forens denommere ccapres, lavoir Dominigue, Nirola

417 686 1993 149 francois, Louis, macqueritte, et macqueritte ditte Quilotte. Deprés ces

421 772 1965 165 tommes teriès ainsi que l'agis du telteu dechange, sil ne reste quelque

427 872 1948 175 chose plegue acy paurer mallrureur de me parisse unefomme de

425 974 1963 173 trois mille livier tettres de cange, et enfr cegé pourait encon rectes

436 1101 1901 155 pledonne et leques acx pelits de mais mentionnée cecontre aini

434 1188 1989 148 quanx enfants quelle pourroie avoir de mon vunt même acelir quelle

441 1284 1973 145 pourrait être esaints a mainort. Jopie le les Nouillard deprappelles

440 1381 1970 130 du resper et de l'amitie qui ja teujours eu pour lui depui pès de dix au

443 1476 1945 146 que j suir avic lui emonsiqueme jlepèi de rechef toupres de coment

443 1570 1956 138 aves li lit Juge depoir de poriver ana jaurr faimille qui nest port la

250 1665 2134 135 soondspoint riche les demierée bontes qu'il a pour moi cclar faisent

297 1793 102 76 DAE

726 1756 274 67 de lauri

115 1836 68 89 do

460 1763 1911 136 tenit leplue ditigemment possible les somaure mentonnais ce denes

412 1884 35 65 de

449 1856 1675 156 lear adrene intie en fontan prés Jonoille en Champagne

144 1988 58 106 6

237 1992 134 94 LArib

432 1973 1913 119 Amon que se malhan viuille que run qeue et ma nmee toient morts

154 2083 81 76 Le3

425 2085 546 111 Safomme que fts

898 2046 1445 102 leur desige lera pedagé aportion égoles entre

993 2124 35 55 3

449 2133 1608 154 tusdis fant et tares qu pi dey désignés ei dassies.

441 2226 1952 154 Voitames demieres volonai, et celles que paria qu'elles coiene exceutéer

447 2315 1944 152 ldieû disgoié demais, a oit dutrod aest Jlede fance tenaience

445 2411 1961 154 pour du nmois de fariid mil sept cent quetrev ingt quatorse lai troirent

445 2506 1883 156 de la libeit  eqnisalteid, revu et vidi le 28. Jielis de la même

326 2643 63 67 der

2025 2619 207 69 mmᵃ

458 2627 1018 132 anée edemis signé delsaid.

454 2679 1934 169 Vour capré certefis canfonne alorngns dépoé ae Greffe de la puitice

458 2775 1671 158 depaix du Tanton de la savanne ; leque coboche guffier

711 2874 1584 113 Enegistré par mioi Greffar du hribune iev d'tousigné

644 2965 67 128 5

757 2952 1612 115 sun drs expedition deudie testament a moi presentie

766 3031 1636 116 aul efet et par oii ensientt rendc apres meution faile

707 3095 895 128 on vier ceille du present ingisranent

1637 3100 232 113 Busson

1899 3121 126 70 de 23

2076 3121 336 96 Routl au Mr
