3092 2479
672 74 2250 129 umoonel Lecomtandure pour quels puissent laider dour reqqil y amait af

2980 143 43 51 2

658 179 2387 132 et dugapamt de pient faur salacie, jedonne allcharier nour calle quel paudte

652 291 2339 109 ae afon efant a Noux et jeune mosambigne que la courtaudure donnura

641 388 2102 116 de mafuuession fai a le Savanne ce 26 ivose au M^re Repe fe

2768 421 230 99 sigue

637 502 2382 120 te Le touton leui moti rayés mils et lex surchargee signe toutan, plen

636 618 2405 124 lai est renon ce le pasent tetament contant ang pages n et audesie lepriept

643 723 264 128 da tivaleur

2104 736 158 97 i2

1107 891 142 99 3499

1273 829 1743 146 Cangistré par mmoi Gruffier du tubunal aail de Bsle de Frannce

1268 966 1726 135 Pousgne sur touquil du de Entament aue presenté a

1268 1082 1752 153 elt effec et par moi de feste rendie apes meution faile

1184 1188 1168 138 1e sur alui du preeut enregistrement

1250 1289 1799 169 Autoit dunord. vient le Vingt d ux flocéa au quelle

2068 1316 37 36 1

1115 1432 48 51 3

1173 1404 494 172 i. deta Repper. fen

1707 1451 1174 128 une et rndet un mat rage mil

1948 1528 58 66 40

1046 1598 160 101 lenton

1771 1614 159 79 2 vu

2145 1616 420 89 Buston

2538 1707 66 120 3

1214 1789 66 125 7

176 1890 2811 179 Coutrat de Dun Contrant de Mariage leur lar durrant qui le à micntt

145 2002 348 96 Mareage

622 2007 744 141 Et sou Cou Frére Nor

119 2089 504 91 du C^e Duulaud

1371 2031 1597 182 Pablus à Losle de France le quatorte qermnal

242 2174 259 87 Avee

548 2158 2097 190 lan quatrance de la Repablique frante mil l qudivisille

2691 2181 311 149 Cel det

111 2254 1552 146 Japeᵉ Sebreton Muidumame Mois Par serviir

892 2370 32 97 1

1221 2389 81 77 28

1995 2361 44 90 8
