2575 2479
454 1 1972 136 de quonte toins Sur gatite désigné sous le Nanmer And viagt laquelle Premiere

1332 1 1121 56 qyai e Sstnt à eti disit lu deux Patle Lan

449 77 1982 128 partie provᵉ de la conusson Caile à parsis petot lequatort deeubre mil Sept cant

429 163 2026 124 Cenquante teuf. at la ion de bartie designé sout le aumero aut dis Sept provient de

449 236 1968 142 Lu Coqattion accordie au Cre Rommiér Par le Connil Suverins de ceur jse le vingt may

447 300 2042 142 til Sept Cent Cingnante sent a deuquells deux Pastie teunies au jourdbuf Eu ane Seulle la datge

450 360 1984 153 a perfaite Connaissance d'alarant le donnateud ete pruprictaire du sus de terrent au Moyen

447 443 2009 134 de lavente que le C^t dosigne folin lui le a fuits Par Contrandau Rapport de l'Jsse leui

443 505 2032 151 des no^t Soussignés qui Ei à tatane Moinule le jour dheire vingt Cinq du Eriseur Noir lequel

435 590 2044 126 folui en Etait proprietaire lui vins avont ladtte teute Pour seu estr Renda adjndentaire

409 658 2030 133 Ver lateucesnion et communanté deute le Cet Guyot la chanvelaine et fruur marie farry

413 739 2069 106 don épouse catitude ei taivant prous vube de miss dinchere et adiadication dranée par ledie Delis

418 796 2060 126 qui en a la moinntte tons ladatte dons con commencument du lix feutidor de lan trois de la Repalleque

416 867 2057 109 auxpeels contrat et procès vrbal isdattés laditte donataire pourra avoir recours au besoin pour

416 928 2054 117 comnmitre la leve des patteseuts entre et depuis les concessionnaires pesqui ce jour dispousant

416 986 2052 118 l donnteur d'une plan ample decriptits et étant la ditte donntrice contente et talisfeite du det

413 1054 2043 131 tevant, pour par laditte marie Lauin Etrrese poir faiie et disposer en tente propréété deu

410 1126 2052 146 Aaris a lle donné comme dessus, comme di chose, à elle appartenante bien et légitimesant

413 1202 2047 149 et lin mette en possession dic ce jourdhué ar moyen lee présenter se dessaisisnt de toustes

410 1275 2039 164 droits de propuité noims, raisons, actions qu'il avoie sur ledie terrent, voulant qu'elle yt les

406 1359 2029 162 ayant cause en foiens taisis des a moinent audit tite de propriété, constitiuant à cett fui

405 1441 1052 95 proceseur le perteur lui donnant ponvoin 8c.

411 1520 1998 160 adetsus est fait par ledit Vongiit en favenr de la ditte marie Louise théise par piers

1505 1487 959 124 La presente donation entre vifs et ouuoee

411 1589 2000 158 liberdité pour la dedommager ds sesviees quelle lui à rentux en différens teis et en

406 1667 1998 177 dienr auanores, ce par elle et par lesdits notaires acapté de nouveau pour ale seule

391 1746 2050 151 Chage par la donatria de maige d'ont embourtement du donateur qu'euue tomme

394 1823 2058 147 de trois mille levas, li par can elle étoin evincée dudit tereine par lefaie du tuserain

389 1893 2060 168 ainsique ledie donateur a ledion de le faire deparille somme veudement moirs ledie Solin

380 1969 2050 173 Son veudar confomement a aclause du outrat devente pessé entieux ledie jour dhür, et

380 2057 2073 172 aquei ladix donataire ce tameet, et aledie donateur remis a la donatane qui le reconnan

380 2136 2043 155 tous les titres de prapreit dudi tesenn ll qel les arecux dudit flin vu vendeu

1095 2353 62 94 15
