2479 2583
193 1 181 89 de la

519 1 121 70 Aiomt

668 1 23 26 16

231 66 149 120 Julie

521 1 925 125 et entendement, ainsy quel ett afy

531 120 291 119 Soussigne

641 86 1790 206 Laquelle dite satie etant Sur lhabitation de la peur

628 182 1792 206 Veuve Joly au lieu dit la Disierre des Calbasses Canton d pare

535 255 1888 238 dees un orvillou dé perdant dud Et ablissement de lad^e Veuve Jllu

549 335 1852 223 dne falie dans la luc de la mort de Crseqnan des ls de prise

2213 462 210 80 pour

538 419 1652 245 afait de e sun Cetament Nordouname de deniers Volonte

541 506 1902 235 Etre Coenite apre Soudués de la Maniere Banci Rinsi quil uit

602 829 117 73 des

684 605 1761 241 Laditte rune Fracoise qulie Testatrier Jonce 4 leque au

585 710 1852 238 auqustin Bouquilliir du pres le dees de la d. jalie tous

532 822 1922 219 Les Duis qui Sout dans ce momant  Sa possession géné vallemt dqatinn

541 935 1849 195 hardes, fnges, Mouchoirs, Bouiles dorcelles dt ausse La nommée det77

2361 1096 36 52 11

539 991 1862 231 regreste pudienne qu'elle dant de Sa généoosité, l quelle La Je

536 1137 1164 174 a van Sonne Comme a Son Bien faiteur.

651 1193 1773 183 Et Pour Exéeuter le présent Cestament Lade aune Françoise Julie

1169 1323 1009 101 pettiet deud au Port Mord ouest, pour

2200 1294 217 87 Sou

546 1357 593 116 Nomme Tehoisit le ^e

536 1386 1876 165 Deuteur Testanontaire, Le preant deu voulloir Dien prendre La

2193 1496 225 66 uir les

545 1472 1632 168 peiie se desavivant enses mains de tous Ses Deus

541 1640 254 80 Dontume

630 1587 1813 201 Par Aimy aété fait dile l Nommé par Ladite Testatrir

535 1707 1913 162 Audit C^ent gévent nod l des Tesmoins, et à Elle fature faitteden

526 1805 1892 160 Pois du Present Son Testament, an mot lui a près Lautr, dé

533 1915 1846 128 adclaré Lavoir parfaitenen Dien Compril e enteudu a

519 1996 1898 146 dilaré Aussy qu'il Coutient Sa Libre a dernière Totouté, quille

535 2109 1888 125 quit être Exeuté aprés son décés, nonobstant Toutes choses ace

575 2194 1817 159 Entraie, fait l Ree a la Ritere des Calbaser haditalidn

1791 2346 27 67 1

1340 2435 99 99 66
