2479 3017
445 1 1980 114 Co présnt det not Soustigne et ausii derieuré aune Le a la presniere iaule

454 65 347 87 de Pretentet

896 93 255 52 125

501 135 1957 144 La premort des ditet Eclaves nour mé mariianne appartant au donateur Pour Lavous

472 241 1965 124 aequiie a lapate publique faitd après dues de Maurie Bouton Suisᵉ Esdtroit délivre

460 330 1920 117 Van le Nor darand dous Toruqnal oué l paraphé rivarianteur demeurera

434 402 1946 102 Annete a la Premiere inite des de prédentes E tantre nomméé marie Louise, Lui

432 481 2010 97 Appartand auni au Moyee du Bittedd teutd que lui lu a delivré Jary ledate

380 558 2013 104 6du deut aot au Syt Cent quatre vingt treize adont Lorig mal duemen

424 628 1451 117 Costife Restere parrillemaend annesé aus dites Présentes

445 732 1995 112 Cette Donnation det Caset EeEsilave Ainsi faite ln toute propriété Audit

434 822 1936 104 Charle Criste libre alachaige par lui n° de tous droits affatés au que

440 900 1973 93 pourront tétre aux dite propaestes D^° de laiser jouier Satante marie

424 982 1984 92 Sara Sarie durant. de Lusufuit des dites Cate Ed Nugrestes pour a près

444 1042 1937 109 Son dcés la jouissrance des dits obj etre Rinie a Sa propriété d° ces

445 1121 1899 107 outre Sont la Reterve Ce presse faite par le donateur ee pour lui de

460 1203 1955 106 Jardeur les dites denx Eetaves adde jouir de la Cate qui donne Sur la

405 1280 1993 109 Due Entrecaiteaur jas qua son de port Lour Europé ; trans portant le det

941 1270 138 57 313e

432 1371 1966 100 Donateur touts droite de proprièté danter qu'il à le pourroit prétendre

1027 1350 84 64 307

450 1454 1901 93 aux charges Sur ditte, dur les de Cales Eoclaves Sen dessaisissant au

444 1526 1905 111 pofer dud^ᵉ Chartes Soteritier dazant Canses, toutant qu'il en Soit

408 1604 1911 117 Saisi mit Et Maiibeu La postession des qu'il y aura lieu, par que lst

447 1667 1884 119 Ainté qu'il appartandu Constituant a cet Effee Procurer le porteur

444 1748 1941 119 auquel il donne Pouvoir et jour faire momner Let présentes auquffd il Daussé

430 1821 1904 131 Constitué Son procurenr Le porten des présentes au quel il et donne pouvoir

450 1924 481 90 Eeden requerin aite

524 1959 1847 122 pour l'Evécition des Frisentes il a Ela sor son demiite au lieu de Sa

459 2043 1904 125 demure ce attisté Auquel Lieu il Coment nomobstaut Fromdoblig Renord.

517 2128 1816 124 fait et pasté au tort nord oes ple de ptaume le l'exde le vingl

450 2192 1881 174 Six Poréal avant idy Lar 4^e de la Sepus funea Judivisible Duled.

459 2277 1803 160 arnould Sigué Sur deux Minites Selon led Marie Sara a fare dularé

452 2344 1872 171 ne savoir Citire i Signer de se faire interpelle suir L'ordomane lune pour

440 2427 1834 170 Dre Euvoyée au Bureau des charle des Colonies aversailles l'autre est Restée

450 2517 1903 144 le la possessios de durant lou det no^m Soussigné Eharge de laquel

447 2589 1854 156 Et Eesit Controté au Port M. C. Jsle de France Le d. Frairial An P Ieur

457 2705 883 130 dent Cent Levris Signé Sersied.

1163 2904 43 79 8
