2683 2479
617 55 1937 124 pourrat avoir cedivant faits, voulant que le present seul nibseste

612 152 1996 131 s ain un plici et entier effet dont acte fait ce pasté en breuet

611 276 2048 88 dans la maison moditte audivant dulis du testateur, au Port nord aucs

621 351 1998 115 de Vle de France en Vitude le quatre thermidor de lan quatrieme

596 455 2055 120 de la Republique francense une et indivisible aprés midé en la presence

579 546 2019 120 det outeielle attestance du Cet Ciene Brilland Capiteune des

606 667 1990 101 neuseaux de Commerce demeurant usdit Pert dicnord ouest rce de

586 760 1985 129 L Egie et du cet Gasnard hubert Dernard Cheringien demeurant

596 870 1968 128 midit Pont norde ouest ruu des Dames temoins francais reques qui

594 980 1870 120 ous igne avec ledit testatreur et le notaire, le tous fait de snute

599 1078 2053 116 confonmement à lerdonneamce ainsi signés Jeau Deptette Cely Brillant

589 1169 992 102 heurs Bernard et Bruin, Cat

1030 1265 1599 131 Enregistré par moi Geffice du tribunal evil de lssle de

1023 1360 1536 141 france toussigné neur une expedition du die testament

1030 1462 1602 135 tignée Deliste et Buim ce dernier en étant de posileure

316 1545 135 80 30d

1012 1549 1585 133 Laditte expédition mayeent ete pesentéé au effec et

1032 1619 1569 154 demite rendue après mention faite sur cuille du prsent

406 1755 31 104 5

1010 1721 438 84 negistement.

1005 1780 1642 115 Autort du nord veut Ilede france le triita thermidur an

1024 1864 1588 126 quatre de lu Republeque francaise une et indivinble

429 1968 132 78 d4 2a

148 2058 46 78 2

221 2050 157 87 ment

2042 2010 346 86 Busson

537 2097 38 87 3

611 2103 44 100 4

143 2142 367 116 contran. de

740 2092 1794 187 Dun coutrat demaiage rent par Durand afé en a mimatte et

126 2236 369 94 Marigge

674 2211 1922 142 e son confiarn notair als le de france le cinq may nel sept cent qualier

601 2261 44 59 1

194 2324 204 82 Entre

418 2357 22 54 4

626 2313 87 72 62e

758 2291 1762 152 quatoise au toitreme de la Republique francaise controlté le

720 2268 27 113 1

112 2386 370 86 Louis Merle

717 2382 14 46 1

761 2348 577 96 heuui dudt mois

1333 2386 106 91 Ente
