3175 2479
2668 1 454 76 1314

635 108 2465 168 de lu leive jifx tu duut Le d. pouvellon lo preses

680 326 176 80 69

933 224 1688 158 ee mathurin david halé du jan tou

685 345 2444 212 Par, temousser Dde Jean queques plans le dont auport

577 454 2559 256 Ju nore ouest temoins pour u appelles r Requis qui out

647 600 2510 238 Signé Avu nous, non Lad. testatriie qui na pu siqué

658 721 2497 237 fante de le Savon due enterpellie suir Lor Sonnaine les

590 835 2517 277 Présenles de livries en Brevet a Su Réquisition ce la e

662 990 2411 266 qestatrice après Lecture faitte le jour vingt Veu tos

3009 1173 32 63 1

615 1187 2243 219 de lau Juatrieme Sela Repust francaise un

694 1454 469 116 néer isible

1250 1313 1788 181 Signe Savi ptauche filsa Geveul.

2989 1468 51 89 4

601 1590 403 128 est Eent

1038 1488 1800 186 Ea Marge Cau fort ni Jle de France

564 1634 2214 204 de 28 Veulose au 4 Rquarante Sols Sigue Servier

1176 1795 1952 173 Eerregittre par mo Greffier Soussigne Sierr vou

1238 1926 1914 149 expedition du du testament a mii representée

1214 2056 1904 162 acut effet et par moi de sinte rendce après

1230 2158 1903 183 mention faite sur icelle du present enregistrement

1023 2350 109 122 358

1236 2273 1918 204 auPoit du Nord duest Jsle dle france le vingtes

1727 2415 89 61 384

2757 2403 389 74 aise uneet sus
