2479 2800
214 28 147 57 19021

378 6 1932 109 dointé au func ingreste qui trouquise l litrange de les deus noirs

1721 57 54 59 32

1802 71 42 44 3

300 98 107 65 180

424 124 53 59 10

477 71 1823 149 Je donne a estianne mon foidit chevarr mutet ce qui de tron vera

446 174 101 73 8.

429 147 1990 157 de Moutierr dans Mire Geurie auni que lagarde, Rolle du dites montures

1016 252 56 56 de

292 231 98 97 32

166 322 216 85 D2e 1

413 256 1563 139 moi gran d Salae mus Bottes Poled en fui me Bene dutiere

1073 337 154 76 iae

457 346 1891 140 Le donne à dé foste Ané mon Cousin Paix geune mmirs ain negreste

339 454 59 67 e

424 460 27 53 5

1296 437 42 57 5

431 429 1557 148 Comme Le jugesar Donvinalle endu Arinbiür Pistaint aire

1249 532 86 51 sout

437 500 1948 151 Je Donns a du Coste radit deux jeune noirt da port ou leur Valeur du

1067 616 61 38 242

418 636 36 51 6

424 597 1910 126 mouient vu mot Eent testamentaire qugtra Couvinablis de lei donner Ee

417 690 1451 132 Il lui sere parsonsequent librdde donnes lun ou tautre

1923 726 20 67 9

389 768 2005 134 DJe donne a leques latoute Propréété à la C^ee Ait abeth, ma vervante Pour les

110 875 124 64 De

415 847 1913 137 BBour soin quelle mare du a eu de Mapersonnre la portion te terre ditte

837 941 294 54 eonatir at

404 916 1927 162 la Butte a triboutes que jai le lu denitettion e Mou onle Estieun le

1766 1070 241 53 41244

407 987 1936 175 Las terrat que Jachesai qui Soute aettesemrt du Propriété de plus ge lui

426 1085 1922 133 donne Aust toute la partie deterre que de jot requis du Ce dcuray qui le

390 1154 1990 144 trouve, Eentavé Aetre ae Raisne uisels ct la Pisierre de Va chivanne

421 1228 1847 154 qui Ett Eugronde Partie e Bois de Pavr ce Dormé par la propriele

432 1291 1911 161 de gatlt, Ci outre vingt Tut De lavesyne je Reconnois, Haa qu'ellda

575 1426 87 44 Ve0

129 1429 87 92 58

262 1459 134 74 4

445 1364 1886 154 gaqué Vait les Gaayerr les quell quelle ma fait de Ses Poutena Cochour à

1369 1459 22 37 2

432 1485 409 70 Pree man aré

1316 1532 238 60 Du. 1°252

343 1522 60 136 d5

403 1445 1960 163 de perentet Réprésés, au voni les nom mange a Pastera Eugétiqne maricume

1402 1619 65 39 147

253 1628 234 94 4er a7

510 1530 1866 160 ponre, zabelle, qutiemetd aure panne autoiie  Jou fils, matibal Nelsnu

557 1676 179 42 AII4

238 1708 137 118 P

409 1610 1922 183 Vctaire Saine de Nlaie auguste toiss fed d'anguste ses En Jants

1145 1678 1204 120 e Si quelquars de ses frannes disignés ct dessus

129 1806 28 51 4

262 1816 220 72 Mil. du

455 1742 775 120 E Silvain total vnglei]

1053 1756 1287 148 e ils deraient Lois le poure Sizubethaqué ye

1237 1865 179 48 I82 jen

231 1874 126 100 iiû

420 1821 624 125 Veuait a faire des û fe

1431 1835 915 112 Ee liuis donx mes veingt tetanet

373 1902 107 73 Lax

1051 1896 377 64 e ge lui laque

672 1899 448 92 Désatt

431 1936 205 86 Les Done

308 1991 104 60 52

1023 1902 1319 132 alle dd rautret Fvisurir, lings de talles Couver

248 2078 18 39 4

420 1977 722 119 tout requé diondrnn

317 2058 156 68 I2 402

1109 1984 1233 122 d. dousditere cair tables carmoird Ce meme

435 2048 788 145 d'arquat madetat Pir 245

1139 2061 1187 127 farquer que parrois Epoate fautte au Ent

429 2126 803 128 mregaderobé Va moitinnd^ee

1031 2137 1264 124 das Ebimes que Sy Franteront apartient ron da

507 2235 34 48 8

415 2210 671 131 Prastre Lanted moit

1148 2294 201 64 ix 117

255 2198 2063 203 q Mou legataire univerxle Liedand le vanage ples se trouvécndt que

1257 2300 1089 104 laisier a la Courtandiere au a da

729 2345 519 100 io d fati

437 2408 408 105 qu hose que

1276 2366 1083 113 ae faire Donnstion Comme Pur Armple

1394 2450 48 65 3

1504 2453 114 67 pot

412 2501 280 115 Pare

681 2485 153 106 engay

779 2518 898 89 a hanii t

1906 2479 64 167 d
