2479 2500
276 1 706 164 de Van d^ᵉ de la Rpont tigue

1461 1 502 104 eassigne ledron

664 33 756 200 Enregistré par moi Greffier

1486 51 810 157 et deiute reudus affres

683 158 785 144 du dit aiti a mei reprseuté

680 190 1590 230 vention faite Sur cuelle elu present enregistrement

711 293 1648 277 au Port deettord vest Jile de france le vingt nef

704 455 1630 207 Numoie au quatre de la Republeque fancaiseune

4 650 1145 127 estament du Citoyen et indivesible

1283 650 358 90 Busson

2 775 391 101 au choton

236 790 2112 193 latrait des muinuttes du Greffe du tibunal de paix du Poit nordous

209 973 384 96 (Jsle de France

252 962 2106 178 Pardivant le notaise publie a lisle de france et les temoins ci ceprès nommes

251 1055 2015 170 soussignes fut pesent le cet Jean Etieron domicélié en cette ville cetes

255 1148 2044 158 dans un appartesent donnant Sur la rue nationale de peudant etune

258 1277 2036 93 maison a lui appartenante, malade de corpt muis neainmoines vain

264 1366 2056 97 disprit memoire et entendement ainsi quel est apparie accy dits notaires

259 1455 2078 97 e temoins, lequel deans laprée de la mort craiqnant den être prevenu

259 1538 1958 118 avant dr cir min ordre asen affaires afait dicté et nommé le

2295 1527 75 86 10

264 1630 2035 136 pesent ton testament et ordornnance de demières volontés quil veut

2334 1613 21 59 11

268 1715 1919 146 et entend etze erecutt après la mort de la maniere et anin quiltiera

259 1805 2093 158 donne et legue a le Citoyenne de couleur nommée asette Beugalie son

259 1887 1897 190 affranchie, pusser le caffé en grais qui le trouvera lois de Son decès

265 1972 1752 186 une Parre pleinr contenant environ de ux cents livree de teire

268 2065 1004 135 eateau parlante uné suvre ason chox

269 2155 1932 220 poitée, an pelon ares, un convert dargent margéé J C. une

1325 2145 648 120 une grande mannitte

2045 2109 231 70 ume

268 2240 635 105 bergere avec son matolat

1991 2193 22 88 1

2027 2206 214 95 deux

270 2329 592 115 haises trois quargoutelles

919 2301 342 71 rie tatete

1278 2326 1030 157 a un tdroir fermant a lef; deuy

273 2415 469 83 touveront lois deton

886 2381 639 117 touter les asiêtés plats

1559 2458 8 40 9
