2758 2479
1836 4 229 73 3

812 8 966 74 da fasitt ryt de 1

2348 39 177 65 1i

779 104 1640 108 pet tu Temeurevan desig uquel de ce

771 202 384 76 Pus tal

1243 253 1301 120 Enregistré par moi Guffier foussigné sur une capr

2574 319 71 63 40

1257 344 1214 93 duelu rontral ele mernage a moi e presenter aul

1266 417 1358 104 desite rendice apres meution acte ruu celledu

1257 490 506 84 pesent enegistrement

1241 560 1404 117 Au Poit du nont accest Jleele fance le sux Gemma au

1245 645 1021 93 quatre de la Reper fur une et ede

2233 705 254 92 Busson

294 837 627 103 Coutsent de

1063 866 1624 117 Sun Contrat de marrage sleu Par de leste que a

267 942 723 100 Marirqe du Den

1038 962 1648 105 mumate lSon Con frere noret Sublis a l'IJsle ce fraur

1046 1061 1137 101 Le vingt Sis Demaire lauquatrieme

220 1045 676 109 Charte Pesaubolau

2245 1085 424 104 de la resullin

406 1148 275 65 Avee

1038 1159 1645 108 prancaise une l jndivisible Cintiolle ce vingt neu fé

190 1206 478 112 falieue Comty

1012 1257 440 84 même mois

618 1323 146 107 7

183 1319 381 92 ¥

1461 1346 300 95 Mnle

917 1441 1748 122 de Citoyen charles Petam bolan houme de Doteur cemt

666 1565 1974 101 au Camp. des malabards jills legisime de deffunt Pierre

647 1663 1984 116 dau botau lde Paureul Boiaur se Pere Tuieré seur auxcur

624 1746 684 111 aux des ma labardt

786 1918 1841 136 Ci toyeune Julliene Con ty felle mmeure de deuir Cont pld

794 2061 1853 84 atherie Ses fere Luere lous trois qens avre dun au

805 2153 1842 116 Sun Caups des malabards a Cit effet a ete Eftrad

589 2319 1846 111 I dour damitie que les dits aliers Epoux out dit

2438 2367 205 84 Le portes
