2479 2733
434 1 270 76 que jas lat

1272 30 20 41 4

1380 1 40 61 1

426 57 284 97 Dousaprt

449 4 1911 238 Je dere e legué àa cn La partan dicre que jasitase mon légataire

432 86 1831 232 aisuel ainsé qu'à madonine la rstandire le maitre le toute me

429 159 1925 263 propriests predent bavenmer après avoir faistait les dons à mon nont des obiihe

428 262 1918 240 montiones je demis aux differentse pessoines Rqne je lesai legus lt lantre

423 352 1917 220 meiti sert auvoyer acses feute qui reste à parss je le prie de faire toutre

420 434 1981 214 quil peurra paurt de levoice, diens quildqnartie, de paris elles demeurent ll de

408 523 1926 213 deur fadic pasle pouton de Suites inspitité lestrer dachang a drester aue

417 592 1972 241 de de tevannr se Pau havad ité etoir emorte, ouquil viennx au poudre

425 699 1930 208 qalge teuurt leur moit il dis psers des fonde de feirs Sucamoit

414 789 1899 182 decite mdnieur, let moitié a purlui te lantes afais dubiun a der autheureux denotre

417 930 887 116 femitte aucedantres, li aeque trouue pars

413 903 1997 187 artite exxentie et que je Ainé anttiavent en ls dévstion demon enrar restamentaine unme

408 968 2004 202 ent qa lil aurüe que j viendrait d'onsurir laus pes detuuis, jmatomait avoir deu dete

416 1049 1968 180 et qui fandiait payr aux déprus de la fuucissin i l ventendrat aire mes emeers pauer

414 1105 1957 182 obtenir dudie et i laisenie, es bieur dom litat ouile pout et ferae faire teur les

413 1191 1936 161 tee Jonillet par, lenpayen en peuditinie, et les ditter payéer, il cenuttrat mes

414 1255 1987 154 volontés telles quils tont expvones editese sa par hasard mei creancies derefraant

413 1319 1939 152 dâtrude, als Lacomtrndiure laisseste mlant a la cet Aisatith reque ji lei ai

407 1374 1980 167 deé entte prapiitt ainsi quan Cet. Pérane, quant, a lepidix, i legarderait comme

405 1453 1996 144 devant de Come les atrir di prepiatés du teiin qre se lur ai donné, ainsi qull

411 1515 1987 144 letrede detnt re ll ferait de largeur de la taation daterres ds Prêter s detan cequel

410 1592 1979 125 erviraie convenable des vandrt pour lequidet; dt fusce mointé entre mes tautés qui'restent

407 1648 1993 133 à Paris et lui, le parvtage que jai eomé, i demes et dacter pi, le faisant toujars

411 1727 2001 142 thesiter, dle cequil reviendran ayar tanter de laui li par hayard i venait a eppeude

408 1803 1998 131 quille tont mortée. endonnant toujrurs comme jelui dt cidimus ce deitre part la moitie

405 1888 1958 105 de céter maitie edés nmalhuam denotte famle ausadantes sill ne Sentronne par

390 1963 1996 123 Jequé veir mou outier. Testamenttitre de remette un petite somme et qus croine

397 2046 1996 108 anvinable a mil ilere pand mamat pour due distribrée comme bou lui semblice

401 2122 2017 114 toui aux pouvees au à l'Jles, et Taveluir de quatie mille géeds deplanctes pour

74 2279 90 60 304

202 2266 47 91 5

402 2201 2016 123 elle dont ile fera aquellé voudia. se nommi le cet Dicharer et afondefant

69 2342 458 104 347oI autlet

581 2301 146 196 Plare

791 2292 1604 128 lequnsiemde de prerent reat arent plur adjoirr mon legataie

1165 2362 183 61 IT

1819 2672 35 54 4
