3483 2479
2162 22 608 84 tule mectjoo

3060 112 270 91 rete

3107 35 234 77 7

670 174 2449 116 testament demes demieres volontes Ancas que je meure Sans en

688 315 558 95 faie un autre

1260 234 2187 144 Savor 1° je donne lalelierte a marie et afer enfant

181 391 363 151 estamet

669 329 2739 180 et pour quels ne soient achargt apersonne, jeleur de une pour esclane

665 415 2791 217 le nomme Leveillé avèc une somme ele dix mille levres, qui teront places

49 531 525 170 de Saldare

670 505 2788 220 te quil est desiqué ce apres T. pour lesicution dles presentes je nomme

677 603 2772 224 et j grie le Ees Rociltnd pour demsire peure de son amitée de concert avic

672 855 197 102 le Cit

981 698 2412 226 rege de pax qui seran alois, de plaur lesdix mille liires sou

687 808 2761 233 tur uu bien comme tailleur de fonts, eu delonte, autre maniere quels

687 910 2771 263 peyerant apropers pourou toute foir qu'il soi plaie tans resque de les peudr

684 1019 2698 250 et cuils puissent vevre cles revenus je legue une somme de quatre

658 1121 2750 254 mille livrer comme eettr taince que je don a francoir talzerd man

677 1370 397 146 fere, lade

1089 1210 2326 244 de somme agent de la colonie, en outre plique adoie fili acon

2753 1327 644 87 le donne et

674 1346 2051 261 telleul une fomite de mille levree lettes de change.

673 1605 494 116 mon pere et

1195 1407 2220 237 a ma mere une somme de trente mdle levice argent ele

674 1700 522 124 la Colonie

1203 1499 2215 244 lur un fomme de mille liures lettres dechange achecur

673 1614 2735 292 de mer sieur et foimie denommes caprés, lavoir Domiiigne, Nirola

1329 1739 2098 211 marqueritte, et marqueritte ditte Guitotté. Daprès les

670 1910 652 142 françois, Louis.

667 1849 2707 335 tommes turies ainsi que lagir de teltus dechange, sil une rede quelque

1253 1984 2103 256 eux pacvir malhrureur de na parvisse une somme ele

669 2159 553 172 chose plegue.

2027 2108 1352 171 et enfies ceqaé pourrait, ennoie restes

673 2221 1239 237 ttrois mille livrer telttes de changt

1468 2262 1829 204 mx pelils de marie mentionnée cervoitie aini

2893 2407 247 70 aele

512 852 22 91 1
