2479 2767
361 1 1369 143 Cefie auisi faii et dité par le testateur anours Nocur

361 41 1981 218 regasition ci ennite a lui par nous lu ee relu qu'il a dit bien entendre

362 152 2006 175 et y pessevenr comme contrant les demière volontés en presence dt Ciloges

353 241 2021 203 Jean Chrisostoime Collin Berngois e de jean Soillaé. Charpeutier

346 364 2003 177 temoins. pour ce requis et appellés en la chambie ses designée le

342 484 2072 160 vagt Messidor au de la Republique funcaise une et indiviible Vets

342 584 2013 146 hhuir hanir du motin et a le testattree signé auce les temoins Signé

322 720 991 125 Lemyer Collin Billat et Durand.

344 791 1973 132 Iest aimsi entougmat de laditte picre demens signée et paraphée et de posée a

347 888 1996 128 durand, leu el Notaires toussignés par acte du vingt cinq mendon au quatre

339 994 1950 120 dela Republique francaise dcement controllé siegnés dicrand et V^e Noux

641 1100 1664 122 Enregistré par moi Greffier dec tibincal vil delsle de France

681 1208 1634 110 Jorsmigné tur une capedition dudie testament a moi pesente de

679 1318 1701 102 ett effet et desentt rendue après mention frite suur zeelle du present

676 1411 475 95 Anregutiement

681 1454 1634 137 autor du Nordvunt Bled flance le vingt neuf memdar

665 1581 1352 116 an quatre de la Republique francaise une et nede

1560 1681 348 108 Busson

6 1895 409 92 ontrat demarnage

498 1881 1851 106 Dun contrat de mariage recu pur le let Belin qui en a minute et son

90 1976 148 86 Ente

342 2004 34 66 10

521 1969 1850 107 confion notaier publies alsite de seance le Sept messidor de lan quatirme

23 2039 427 102 porter Pierre Génois

509 2052 424 77 duument controlle

30 2158 189 70 phivre

1062 2055 134 114 Entrr

519 2161 1841 135 le let Charles Pierre Genois orphivre veuf avec deux enfants de

30 2281 385 78 rarce Allane

482 2238 897 115 Jeannne heleme Dait deun part

518 2358 1814 159 Marie Allainn fille minieur de de fent Jean allain et anne telsals

372 2464 1985 156 pere et mere aitée du ce Nicola Mongont Nigt lon tuteur adhoi

529 2525 1096 175 dantr part, a eté entraie cequi fait tavoir.

321 2642 863 123 Et pour lestime que de portent les falure
