2642 2479
403 78 2044 168 nous ont Requis acte que nous leur avour de troyé sour Seire

400 206 937 154 Et Valon eque de Ruison

508 269 1788 177 Ces Présenter Seront Jusimues Par tout ou Besort

2355 326 129 100 Sor

424 391 1921 181 a lefft de quoy gt an sonne Dout Pouvoir au Terteur

526 508 1978 199 Domettant obligeant Rend. fait ct Pasré en doutre miunt ai

425 672 2106 144 Port de la Montagne ple de france n letu de Le Boit tectore lau

421 790 2097 128 trois de la Repub françaiss unt ja disisitée et ont signé la

427 910 2093 129 minate des Prescutet Controtté Le nmufdud. mois Par Serviin qui

417 1026 2010 111 a Reur quarante Sols et demeure a Durand luu desno^e

428 1172 375 130 Soustigne.

892 1162 1090 109 Suit la teneur de la mexe

465 1300 2019 117 Extrait du Registre des Baptemes de la Parvisne S^t Louis du

427 1408 1259 117 Port Louis, Jle de Fance Année 1784.

477 1536 2028 122 Se vingt hois juin mil Sept Ceul quatre vingt quatre'à été

428 1638 2081 134 Bapliré Louis pelix Reué fils de parents Blam momens, age

396 1731 2135 136 Deatéron Troit Se maines parain a été M^r ceau Louis ausertet

404 1827 2060 116 Chirargien major des hopitais du Roy qui a Signé et Mareesie

432 1919 2028 126 Cellaté Cétoiquard qué a déclare ne Savoir Signee Cinsigne amon

415 2019 703 100 ploue t de lamission.

1918 2038 184 85 344

531 2097 2018 132 Le Soussigné Cortiffié le Présent Ltrait Vontable et Conforme

418 2214 2145 169 a laminute a la ferefdu Port Louis, Jle de France e 19 avril 1787 Signe

432 2310 1108 119 Jean Rechard /e de la mistion Curé
