<?xml version="1.0" encoding="UTF-8"?>
<alto xmlns:xsi="http://www.w3.org/2001/XMLSchema-instance"
      xmlns="http://www.loc.gov/standards/alto/ns-v4#"
      xsi:schemaLocation="http://www.loc.gov/standards/alto/ns-v4# http://www.loc.gov/standards/alto/v4/alto-4-2.xsd">
  <Description>
    <MeasurementUnit>pixel</MeasurementUnit>
    <sourceImageInformation>
      <fileName>JK13_1.pdf_page_3.png</fileName>
      <fileIdentifier>pdf//JK13_1.pdf</fileIdentifier>
    </sourceImageInformation>
  </Description>
  <Tags>
    <OtherTag ID="BT7" LABEL="CustomZone" DESCRIPTION="block type CustomZone"/><OtherTag ID="BT8" LABEL="DamageZone" DESCRIPTION="block type DamageZone"/><OtherTag ID="BT12" LABEL="MainZone" DESCRIPTION="block type MainZone"/><OtherTag ID="BT13" LABEL="MarginTextZone" DESCRIPTION="block type MarginTextZone"/><OtherTag ID="BT15" LABEL="NumberingZone" DESCRIPTION="block type NumberingZone"/><OtherTag ID="BT17" LABEL="QuireMarksZone" DESCRIPTION="block type QuireMarksZone"/><OtherTag ID="BT469" LABEL="CustomZone:closer" DESCRIPTION="block type CustomZone:closer"/><OtherTag ID="BT470" LABEL="CustomZone:paraph" DESCRIPTION="block type CustomZone:paraph"/><OtherTag ID="BT471" LABEL="DigitizationArtefactZone:fingers" DESCRIPTION="block type DigitizationArtefactZone:fingers"/><OtherTag ID="BT472" LABEL="NumberingZone:document" DESCRIPTION="block type NumberingZone:document"/><OtherTag ID="BT473" LABEL="NumberingZone:folio" DESCRIPTION="block type NumberingZone:folio"/><OtherTag ID="BT474" LABEL="NumberingZone:page" DESCRIPTION="block type NumberingZone:page"/><OtherTag ID="BT475" LABEL="text" DESCRIPTION="block type text"/>
    <OtherTag ID="LT8" LABEL="DefaultLine" DESCRIPTION="line type DefaultLine"/><OtherTag ID="LT10" LABEL="HeadingLine" DESCRIPTION="line type HeadingLine"/><OtherTag ID="LT11" LABEL="InterlinearLine" DESCRIPTION="line type InterlinearLine"/><OtherTag ID="LT323" LABEL="default" DESCRIPTION="line type default"/>
  </Tags>
  <Layout>
    <Page WIDTH="3513"
          HEIGHT="2404"
          PHYSICAL_IMG_NR="2"
          ID="eSc_dummypage_">
      <PrintSpace HPOS="0"
                  VPOS="0"
                  WIDTH="3513"
                  HEIGHT="2404">
        <TextBlock HPOS="438"
                   VPOS="53"
                   WIDTH="3073"
                   HEIGHT="2349"
                   ID="eSc_textblock_a7397e74"
                   TAGREFS="BT475">
          <Shape><Polygon POINTS="1845 53 2727 53 2809 74 3165 74 3225 112 3352 117 3358 196 3336 229 3352 297 3511 341 3511 452 3480 491 3503 641 3511 625 3511 741 3496 731 3480 858 3459 876 3496 1057 3464 1238 3507 1478 3384 1586 3411 1704 3406 1937 3454 1992 3416 2099 3427 2226 3438 2285 3496 2345 3475 2402 657 2402 657 2270 634 2226 586 2247 438 2226 438 2195 475 2174 591 2174 629 2195 646 2172 641 2120 614 2099 646 2018 657 1885 603 1820 651 1761 651 1602 625 1558 651 1526 646 1372 635 1303 566 1232 561 1196 603 1127 641 1120 651 1072 667 837 651 571 683 122 1020 85 1259 90 1845 53"/></Shape>
          <TextLine ID="eSc_line_d19f1b5f"
                    TAGREFS="LT323"
                    BASELINE="2923 150 3300 150" 
                    HPOS="2923"
                    VPOS="100"
                    WIDTH="377"
                    HEIGHT="82">
            <Shape><Polygon POINTS="3297 114 3284 113 3271 113 3257 113 3249 112 3243 113 3232 114 3219 112 3187 106 3185 106 3184 106 3171 110 3155 114 3118 108 3114 108 3113 108 3110 108 3076 114 3024 104 3009 101 3008 101 3006 101 3002 102 2978 114 2966 102 2966 101 2965 101 2964 101 2923 100 2923 150 2923 166 2954 174 2955 174 3077 170 3104 182 3105 182 3106 182 3281 177 3283 177 3300 166 3300 150 3300 114 3297 114"/></Shape>
	    <String CONTENT=""
                    HPOS="2923"
                    VPOS="100"
                    WIDTH="377"
                    HEIGHT="82"></String>
          </TextLine>
          <TextLine ID="eSc_line_1231f0db"
                    TAGREFS="LT323"
                    BASELINE="1275 152 1915 120 2386 121 2793 136" 
                    HPOS="1274"
                    VPOS="53"
                    WIDTH="1519"
                    HEIGHT="124">
            <Shape><Polygon POINTS="2301 53 2288 53 2282 53 2256 69 2222 56 2221 56 2220 56 2218 56 2154 89 2073 69 2071 69 2070 69 2028 81 2002 70 2000 70 1999 70 1998 70 1986 76 1947 58 1946 58 1944 58 1731 61 1693 62 1692 62 1661 78 1634 65 1633 66 1620 66 1606 68 1593 68 1580 69 1566 70 1562 70 1561 70 1492 105 1421 81 1419 81 1418 81 1417 81 1393 92 1362 82 1353 84 1339 85 1334 85 1274 109 1275 152 1275 168 1307 177 1309 177 1310 177 1311 177 1338 168 1346 165 1377 166 1410 169 1411 169 1413 169 1419 166 1439 157 1517 158 1518 158 1520 158 1553 144 1648 160 1649 160 1650 160 1705 140 1772 140 1801 149 1803 149 1804 149 1805 149 1835 138 1862 149 1863 149 1864 149 1866 149 1906 138 1932 149 1934 149 1935 150 1935 149 1936 149 1963 137 2039 134 2141 137 2198 157 2203 158 2205 158 2206 158 2207 158 2211 157 2269 130 2338 156 2370 166 2372 166 2373 166 2602 162 2603 162 2624 152 2628 149 2675 148 2700 150 2756 158 2758 158 2759 158 2793 149 2793 136 2790 84 2553 86 2488 70 2487 70 2485 70 2432 78 2386 61 2385 61 2384 61 2382 61 2356 68 2313 53 2301 53"/></Shape>
	    <String CONTENT="delour lesdits bieus en loute papre"
                    HPOS="1274"
                    VPOS="53"
                    WIDTH="1519"
                    HEIGHT="124"
                    WC="0.983921217918396"></String>
          </TextLine>
          <TextLine ID="eSc_line_6d4f725a"
                    TAGREFS="LT323"
                    BASELINE="685 164 941 164" 
                    HPOS="685"
                    VPOS="110"
                    WIDTH="256"
                    HEIGHT="72">
            <Shape><Polygon POINTS="725 117 711 118 698 120 694 120 685 124 685 164 685 173 746 182 748 182 941 173 941 164 941 125 925 125 909 110 908 110 906 110 868 110 866 110 865 110 837 124 744 122 730 116 725 117"/></Shape>
	    <String CONTENT="741"
                    HPOS="685"
                    VPOS="110"
                    WIDTH="256"
                    HEIGHT="72"
                    WC="0.9999967416127523"></String>
          </TextLine>
          <TextLine ID="eSc_line_2b447dd4"
                    TAGREFS="LT323"
                    BASELINE="988 164 1202 157" 
                    HPOS="987"
                    VPOS="96"
                    WIDTH="215"
                    HEIGHT="108">
            <Shape><Polygon POINTS="988 164 988 204 1029 204 1029 203 1031 203 1032 203 1045 194 1059 186 1081 188 1093 189 1095 189 1096 189 1110 184 1144 170 1202 170 1202 157 1199 113 1176 96 1175 96 1174 96 1172 96 1120 97 1119 97 1118 97 1118 98 1096 121 1071 125 1047 128 1044 126 1031 120 1029 120 1028 120 1027 120 1025 120 1015 129 1012 132 987 132 988 164"/></Shape>
	    <String CONTENT="pouir"
                    HPOS="987"
                    VPOS="96"
                    WIDTH="215"
                    HEIGHT="108"
                    WC="0.9999394297599793"></String>
          </TextLine>
          <TextLine ID="eSc_line_38229c71"
                    TAGREFS="LT323"
                    BASELINE="707 292 1025 296 1490 285 1729 271 2405 256 2688 256 2882 269 3317 279" 
                    HPOS="706"
                    VPOS="180"
                    WIDTH="2611"
                    HEIGHT="148">
            <Shape><Polygon POINTS="707 292 707 328 884 325 885 325 953 305 981 313 983 313 984 313 1183 305 1242 323 1243 323 1244 323 1246 323 1367 321 1369 321 1371 321 1397 313 1425 320 1430 321 1431 321 1433 321 1443 320 1497 311 1565 311 1566 311 1634 296 1656 301 1657 301 1658 301 1728 289 1866 291 1867 291 1868 291 1898 281 1996 281 2087 301 2089 301 2090 301 2154 283 2197 291 2198 291 2306 276 2670 275 2723 287 2724 287 2801 273 2879 291 2881 291 2914 287 2965 301 2966 301 2968 301 2998 296 3045 301 3062 303 3064 303 3065 303 3072 301 3102 292 3129 300 3134 301 3136 301 3137 301 3316 297 3317 279 3315 204 3243 211 3195 205 3125 196 3124 196 3033 198 2964 182 2594 180 2592 180 2389 212 2337 200 2336 200 2206 201 2146 185 2145 185 2014 185 2012 185 1923 201 1884 192 1883 192 1882 192 1880 192 1787 220 1724 203 1723 203 1618 201 1617 201 1616 201 1542 225 1528 225 1409 231 1394 227 1302 200 1301 200 1299 200 1298 200 1196 229 1186 233 808 236 800 235 753 223 752 223 750 223 749 223 706 235 707 292"/></Shape>
	    <String CONTENT="vor exculir lepusent testament lettaleur a choisn  nomumi la"
                    HPOS="706"
                    VPOS="180"
                    WIDTH="2611"
                    HEIGHT="148"
                    WC="0.9705340092380842"></String>
          </TextLine>
          <TextLine ID="eSc_line_7687e25f"
                    TAGREFS="LT323"
                    BASELINE="686 435 1164 427 1787 396 2083 389 2678 395 3200 412 3503 404" 
                    HPOS="685"
                    VPOS="325"
                    WIDTH="2818"
                    HEIGHT="133">
            <Shape><Polygon POINTS="686 435 686 442 760 458 761 458 927 456 928 456 980 440 983 440 995 440 1056 443 1057 443 1077 440 1118 432 1146 439 1159 443 1160 443 1162 443 1259 443 1295 452 1297 452 1298 452 1524 450 1525 450 1569 436 1618 423 1688 436 1692 436 1693 436 1695 436 1697 436 1749 422 2276 422 2277 422 2318 415 2404 432 2417 434 2419 434 2448 431 2634 414 2666 422 2667 422 2668 422 2700 415 2869 427 2870 427 2992 412 3037 424 3038 424 3081 427 3171 432 3172 432 3502 424 3503 404 3499 347 3398 353 3367 348 3340 343 3339 343 3312 348 3283 356 3064 357 3036 352 2909 325 2857 325 2855 325 2854 325 2799 341 2692 327 2691 327 2690 327 2575 357 2564 360 2549 359 2448 343 2447 343 2207 343 2157 333 2155 333 1939 335 1884 345 1847 336 1845 336 1844 336 1689 337 1520 372 1508 373 1497 372 1362 343 1361 343 1359 343 1280 364 1188 353 1187 353 1051 364 1049 364 995 379 989 380 685 381 686 435"/></Shape>
	    <String CONTENT="myonne de cet Jacque Gallor demeurant en celte ville rece isalional"
                    HPOS="685"
                    VPOS="325"
                    WIDTH="2818"
                    HEIGHT="133"
                    WC="0.9687675041938896"></String>
          </TextLine>
          <TextLine ID="eSc_line_fd3f1913"
                    TAGREFS="LT323"
                    BASELINE="691 595 1152 574 1608 568 2155 542 3459 546" 
                    HPOS="690"
                    VPOS="470"
                    WIDTH="2769"
                    HEIGHT="159">
            <Shape><Polygon POINTS="691 595 691 629 1036 625 1064 619 1099 611 1124 617 1148 623 1150 623 1151 623 1326 622 1387 610 1459 595 1518 605 1520 605 1728 582 1836 586 1837 586 1887 575 1924 583 1926 583 2106 560 2233 574 2234 574 2340 558 2404 572 2405 572 2479 556 2611 556 2727 560 2762 571 2771 574 2772 574 2774 574 2775 574 2785 571 2793 568 2799 570 2831 579 2833 579 2834 579 2886 567 2949 554 3070 563 3156 568 3157 568 3239 564 3304 574 3305 574 3456 551 3459 546 3458 491 3380 470 3379 470 3378 470 3317 471 3244 487 3116 478 3114 478 3056 490 2993 474 2992 474 2990 474 2989 474 2930 491 2870 498 2806 504 2699 499 2659 498 2587 478 2585 478 2584 478 2464 500 2330 479 2329 479 2039 482 1966 499 1907 495 1906 495 1850 507 1813 516 1191 520 1155 514 1056 495 1055 495 981 512 881 492 880 492 878 492 829 506 793 499 792 499 690 518 691 595"/></Shape>
	    <String CONTENT="et Eagné Cheragen demeurant ala Riviese du rempart entre les"
                    HPOS="690"
                    VPOS="470"
                    WIDTH="2769"
                    HEIGHT="159"
                    WC="0.9752995391686757"></String>
          </TextLine>
          <TextLine ID="eSc_line_0eb90f85"
                    TAGREFS="LT323"
                    BASELINE="689 730 1411 710 2226 678 3163 678 3492 685" 
                    HPOS="687"
                    VPOS="605"
                    WIDTH="2805"
                    HEIGHT="142">
            <Shape><Polygon POINTS="689 730 689 747 880 745 881 745 941 727 987 737 988 737 1096 729 1175 734 1176 734 1321 715 1401 734 1402 734 1529 715 1668 717 1669 717 1716 706 1815 715 1816 715 1817 715 1854 706 1908 715 1910 715 1911 715 1975 699 2045 705 2046 705 2276 694 2539 697 2540 697 2614 689 2703 706 2704 706 2706 706 2775 686 2835 697 2837 698 3076 698 3076 697 3118 687 3211 703 3212 703 3213 703 3216 703 3264 697 3488 698 3492 685 3487 605 3451 615 3414 606 3411 606 3410 606 3407 606 3320 627 3243 627 3179 611 3159 606 3157 606 3101 606 3100 606 3062 613 2843 611 2842 611 2790 619 2722 631 2670 622 2627 615 2626 615 2571 625 2537 630 2479 627 2356 619 2354 619 2298 631 2274 635 2213 633 2201 633 2199 633 2194 633 2153 641 2066 635 1915 627 1914 627 1860 641 1820 650 1776 642 1713 631 1712 631 1711 631 1665 645 1628 657 1323 661 1291 653 1244 642 1243 642 1176 655 1131 665 1088 658 1033 649 1032 649 1031 649 993 659 967 667 687 667 689 730"/></Shape>
	    <String CONTENT="mains desquels conpintement reseparement e labseme emalade"
                    HPOS="687"
                    VPOS="605"
                    WIDTH="2805"
                    HEIGHT="142"
                    WC="0.9870302502451271"></String>
          </TextLine>
          <TextLine ID="eSc_line_9acfca5c"
                    TAGREFS="LT323"
                    BASELINE="675 858 906 849 1361 849 1886 833 2266 833 2756 820 3454 820" 
                    HPOS="674"
                    VPOS="755"
                    WIDTH="2780"
                    HEIGHT="118">
            <Shape><Polygon POINTS="675 858 677 873 848 872 854 870 908 857 1017 857 1092 866 1111 869 1112 869 1441 865 1477 861 1557 850 1679 857 1727 860 1728 860 1749 856 1797 848 1837 854 1862 858 1863 858 1895 854 1946 846 1999 852 2047 857 2049 857 2131 850 2218 842 2272 848 2302 850 2304 850 2305 850 2316 846 2330 842 2358 846 2372 848 2373 848 2428 845 2552 838 2573 842 2580 844 2581 844 2687 841 2862 836 2891 837 2974 844 2976 844 3145 833 3201 830 3212 832 3252 841 3253 842 3319 842 3319 841 3452 828 3454 820 3451 775 3364 775 3363 775 3295 761 3293 761 3292 761 3233 777 3233 778 3151 778 3149 778 3068 757 3066 757 2978 755 2977 755 2922 757 2921 757 2843 779 2779 769 2778 769 2696 778 2565 761 2564 761 2286 765 2285 765 2221 782 2138 769 2137 769 2082 775 1990 767 1988 767 1900 769 1899 769 1827 791 1781 795 1767 797 1624 797 1621 797 1556 778 1554 778 1553 778 1552 778 1480 798 1478 799 1410 799 1406 799 1303 777 1302 777 1301 777 1214 802 1210 802 1200 802 1118 794 1116 794 1045 804 1043 804 1041 804 932 789 931 789 929 789 884 804 797 806 765 808 760 808 723 801 722 801 674 808 675 858"/></Shape>
	    <String CONTENT="ou autres empechements lun de lacle il se dessaisie de tous teu"
                    HPOS="674"
                    VPOS="755"
                    WIDTH="2780"
                    HEIGHT="118"
                    WC="0.9842726313878619"></String>
          </TextLine>
          <TextLine ID="eSc_line_0caf2053"
                    TAGREFS="LT323"
                    BASELINE="671 1035 1228 997 1823 976" 
                    HPOS="669"
                    VPOS="916"
                    WIDTH="1154"
                    HEIGHT="136">
            <Shape><Polygon POINTS="671 1035 671 1052 742 1049 744 1049 745 1049 756 1041 813 1045 828 1045 829 1045 830 1045 836 1044 884 1027 999 1033 1012 1033 1013 1033 1027 1032 1077 1021 1101 1027 1120 1031 1122 1031 1166 1028 1167 1028 1179 1021 1187 1017 1195 1020 1198 1021 1199 1021 1200 1021 1202 1021 1206 1020 1230 1009 1315 1013 1337 1013 1338 1013 1339 1013 1345 1011 1365 1001 1414 1001 1425 1007 1434 1011 1435 1011 1437 1011 1438 1011 1439 1011 1446 1004 1453 1000 1473 1000 1484 1003 1513 1011 1514 1011 1516 1011 1517 1011 1518 1011 1530 1001 1679 1001 1679 1000 1680 1000 1681 1000 1692 993 1709 1000 1711 1000 1712 1000 1713 1000 1773 984 1784 981 1823 981 1823 976 1819 932 1689 936 1590 916 1589 916 1588 916 1512 942 1489 932 1488 932 1486 932 1485 932 1484 932 1471 941 1450 934 1449 934 1447 934 1446 934 1430 944 1403 926 1402 926 1401 926 1381 926 1379 926 1318 930 1317 930 1315 930 1291 949 1228 934 1227 934 1226 934 1163 964 1162 964 1132 954 1131 954 1130 954 1128 954 1127 954 1111 965 1081 965 1039 944 1037 944 1036 944 983 946 981 946 910 976 878 970 877 970 830 980 824 982 669 988 671 1035"/></Shape>
	    <String CONTENT="vieur Survant la contame"
                    HPOS="669"
                    VPOS="916"
                    WIDTH="1154"
                    HEIGHT="136"
                    WC="0.9801424716909727"></String>
          </TextLine>
          <TextLine ID="eSc_line_550be608"
                    TAGREFS="LT323"
                    BASELINE="669 1151 1211 1115 1459 1092 1589 1073 1740 1072 2111 1053 2265 1039 2730 1013 3451 1005" 
                    HPOS="665"
                    VPOS="925"
                    WIDTH="2786"
                    HEIGHT="228">
            <Shape><Polygon POINTS="669 1151 669 1153 1363 1123 1381 1119 1446 1101 1645 1092 1646 1092 1691 1080 1764 1092 1765 1092 2010 1080 2050 1084 2122 1093 2123 1093 2225 1077 2276 1081 2277 1081 2278 1081 2320 1071 2332 1067 2407 1065 2408 1065 2480 1045 3012 1024 3058 1032 3060 1032 3124 1024 3144 1028 3156 1031 3157 1031 3177 1027 3208 1020 3235 1024 3291 1032 3292 1032 3450 1012 3451 1005 3447 942 3392 946 3382 945 3299 925 3297 925 3204 929 3203 929 3110 957 3061 970 3002 961 2885 942 2883 942 2656 952 2655 952 2615 964 2373 964 2372 964 2234 984 2233 984 2194 996 2178 1003 2054 1015 1952 1015 1915 1009 1868 1001 1784 1001 1783 1001 1781 1001 1737 1015 1593 997 1592 997 1528 1009 1454 1003 1453 1003 1326 1035 1291 1043 1247 1037 1227 1036 1226 1036 1224 1036 1210 1040 1166 1052 852 1064 798 1057 762 1053 761 1053 665 1063 669 1151"/></Shape>
	    <String CONTENT="le lut ainsi fait et decté nommé par le dr testuleur a Pierre"
                    HPOS="665"
                    VPOS="925"
                    WIDTH="2786"
                    HEIGHT="228"
                    WC="0.9873380123591814"></String>
          </TextLine>
          <TextLine ID="eSc_line_cb0bb707"
                    TAGREFS="LT323"
                    BASELINE="663 1236 673 1238" 
                    HPOS="661"
                    VPOS="1165"
                    WIDTH="17"
                    HEIGHT="90">
            <Shape><Polygon POINTS="663 1236 661 1254 669 1255 673 1238 678 1165 673 1167 663 1236"/></Shape>
	    <String CONTENT="1"
                    HPOS="661"
                    VPOS="1165"
                    WIDTH="17"
                    HEIGHT="90"
                    WC="0.998734176158905"></String>
          </TextLine>
          <TextLine ID="eSc_line_72c4275f"
                    TAGREFS="LT323"
                    BASELINE="711 1252 1238 1236 1443 1222 1736 1188 2285 1149 2626 1133 3169 1127 3459 1113" 
                    HPOS="707"
                    VPOS="1040"
                    WIDTH="2752"
                    HEIGHT="238">
            <Shape><Polygon POINTS="711 1252 711 1278 1335 1243 1386 1243 1522 1242 1524 1242 1553 1234 1669 1204 1743 1212 1744 1212 1888 1192 2111 1195 2113 1195 2114 1195 2191 1173 2740 1149 2810 1153 2811 1153 2941 1141 3008 1156 3025 1159 3026 1159 3078 1152 3148 1143 3180 1147 3277 1159 3279 1159 3280 1159 3347 1137 3358 1133 3459 1131 3459 1113 3454 1040 3404 1041 3403 1041 3399 1043 3350 1057 3281 1049 3268 1048 3267 1048 3142 1053 3141 1053 3128 1057 3074 1076 3014 1064 3002 1063 3001 1063 3000 1063 2988 1065 2910 1088 2822 1075 2805 1073 2803 1073 2802 1073 2786 1077 2763 1083 2736 1080 2682 1075 2680 1075 2557 1091 2488 1099 2448 1096 2374 1092 2373 1092 2310 1104 2296 1107 2265 1107 2122 1105 2121 1105 2062 1119 2030 1125 1950 1125 1852 1124 1851 1124 1803 1132 1743 1119 1741 1119 1672 1121 1549 1136 1548 1136 1497 1151 1462 1160 1337 1160 1299 1160 1298 1160 1297 1160 1287 1163 1262 1171 1061 1179 1048 1176 1015 1168 1013 1168 1012 1168 972 1179 909 1176 908 1176 906 1176 876 1185 872 1188 707 1195 711 1252"/></Shape>
	    <String CONTENT="ve Balia notaire publie de mecerant encette velle rcccle, llicpelat"
                    HPOS="707"
                    VPOS="1040"
                    WIDTH="2752"
                    HEIGHT="238"
                    WC="0.9817788147214633"></String>
          </TextLine>
          <TextLine ID="eSc_line_85c63bf1"
                    TAGREFS="LT323"
                    BASELINE="669 1398 1359 1366 1815 1319 2085 1310 2823 1258 3400 1243" 
                    HPOS="665"
                    VPOS="1175"
                    WIDTH="2735"
                    HEIGHT="248">
            <Shape><Polygon POINTS="669 1398 671 1417 702 1413 718 1414 789 1423 790 1423 917 1406 1021 1410 1023 1410 1235 1386 1326 1392 1327 1392 1588 1378 1589 1378 1653 1358 1708 1340 1789 1346 1791 1346 1792 1346 1827 1334 2018 1334 2026 1335 2063 1342 2065 1342 2106 1334 2169 1335 2170 1335 2228 1323 2292 1307 2492 1307 2520 1306 2521 1306 2525 1304 2556 1294 2636 1291 2663 1296 2687 1300 2688 1300 2690 1300 2711 1294 2742 1282 2815 1278 2891 1279 2893 1279 3046 1264 3100 1270 3152 1275 3153 1275 3155 1275 3184 1264 3193 1262 3227 1262 3347 1264 3348 1264 3350 1264 3399 1251 3400 1243 3396 1185 3295 1175 3293 1175 3292 1175 3239 1193 3235 1196 3136 1200 3130 1200 3016 1185 3014 1185 3013 1185 2937 1208 2772 1196 2771 1196 2672 1220 2632 1218 2631 1218 2590 1227 2467 1226 2465 1226 2411 1236 2329 1222 2328 1222 2141 1232 2139 1232 2086 1246 2050 1238 2049 1238 1948 1243 1876 1259 1844 1252 1843 1252 1775 1256 1773 1256 1693 1282 1689 1284 1548 1291 1542 1291 1433 1272 1431 1272 1430 1272 1367 1288 1318 1287 1317 1287 1315 1287 1244 1308 1240 1310 1110 1315 1059 1307 1057 1307 981 1319 920 1307 918 1307 837 1310 836 1310 749 1336 746 1338 665 1340 669 1398"/></Shape>
	    <String CONTENT="aax Cet Bernard Dupau marchand demeurant en cette velle"
                    HPOS="665"
                    VPOS="1175"
                    WIDTH="2735"
                    HEIGHT="248"
                    WC="0.9813980806957592"></String>
          </TextLine>
          <TextLine ID="eSc_line_58c3fef3"
                    TAGREFS="LT323"
                    BASELINE="666 1525 1025 1521 1620 1481 2592 1431 2927 1403 3112 1380 3446 1355" 
                    HPOS="662"
                    VPOS="1307"
                    WIDTH="2785"
                    HEIGHT="256">
            <Shape><Polygon POINTS="666 1525 667 1563 894 1551 896 1551 900 1550 940 1537 1080 1537 1080 1535 1154 1519 1413 1517 1437 1515 1446 1514 1548 1494 1630 1498 1632 1498 1709 1481 1769 1491 1771 1491 1922 1481 1934 1482 1959 1486 1960 1486 2015 1477 2070 1467 2095 1471 2131 1478 2133 1478 2134 1478 2165 1467 2169 1467 2265 1467 2266 1467 2268 1467 2289 1461 2321 1466 2322 1466 2489 1451 2604 1455 2606 1455 2607 1455 2656 1439 2715 1446 2716 1446 2803 1427 2942 1427 2943 1427 2945 1427 3006 1411 3030 1405 3447 1382 3446 1355 3442 1314 3390 1307 3388 1307 3387 1307 3352 1318 3347 1319 3327 1319 3251 1318 3249 1318 3248 1318 3227 1324 3167 1343 3013 1338 3012 1338 3010 1338 2938 1358 2752 1367 2683 1354 2658 1348 2656 1348 2623 1356 2536 1379 2324 1391 2256 1375 2233 1371 2232 1371 2046 1382 2045 1382 2024 1388 1944 1414 1899 1415 1809 1399 1791 1396 1789 1396 1788 1396 1773 1402 1716 1421 1626 1409 1609 1407 1608 1407 1606 1407 1596 1411 1520 1438 1381 1445 1236 1443 1184 1433 1175 1431 1174 1431 1085 1437 1084 1437 1080 1438 1021 1458 961 1445 960 1445 959 1445 912 1446 910 1446 906 1447 838 1470 730 1457 727 1457 726 1457 662 1459 666 1525"/></Shape>
	    <String CONTENT="ui matonale, et au Cet Gaspard umonnes de meurcrer aassi"
                    HPOS="662"
                    VPOS="1307"
                    WIDTH="2785"
                    HEIGHT="256"
                    WC="0.9756093142288071"></String>
          </TextLine>
          <TextLine ID="eSc_line_f03d4f73"
                    TAGREFS="LT323"
                    BASELINE="2869 1530 2996 1511 3122 1506 3372 1482 3486 1478" 
                    HPOS="2865"
                    VPOS="1427"
                    WIDTH="622"
                    HEIGHT="159">
            <Shape><Polygon POINTS="2869 1530 2871 1567 2913 1566 2933 1578 2934 1578 2935 1578 2937 1578 2938 1578 2964 1569 2982 1577 2984 1577 2985 1577 2986 1577 2988 1577 3010 1557 3053 1586 3054 1586 3056 1586 3057 1586 3058 1586 3096 1577 3112 1582 3113 1582 3114 1582 3235 1571 3236 1571 3237 1571 3296 1529 3317 1531 3319 1531 3320 1531 3321 1531 3339 1518 3346 1514 3487 1502 3486 1478 3482 1441 3422 1429 3420 1429 3340 1439 3312 1427 3311 1427 3309 1427 3308 1427 3240 1461 3232 1465 3216 1465 3212 1462 3196 1447 3195 1447 3193 1447 3179 1447 3177 1447 3164 1449 3163 1449 3161 1449 3161 1450 3160 1450 3145 1467 3142 1473 3064 1478 3056 1474 3012 1453 3010 1453 3009 1453 2903 1462 2902 1462 2901 1462 2901 1463 2875 1489 2874 1490 2865 1490 2869 1530"/></Shape>
	    <String CONTENT="ellen en psaie"
                    HPOS="2865"
                    VPOS="1427"
                    WIDTH="622"
                    HEIGHT="159"
                    WC="0.9520154127052852"></String>
          </TextLine>
          <TextLine ID="eSc_line_78fc36d7"
                    TAGREFS="LT323"
                    BASELINE="667 1657 979 1637 1725 1610 1872 1598 2766 1555" 
                    HPOS="665"
                    VPOS="1490"
                    WIDTH="2101"
                    HEIGHT="183">
            <Shape><Polygon POINTS="667 1657 667 1664 694 1673 695 1673 697 1673 785 1670 786 1670 809 1661 931 1661 932 1661 933 1661 956 1650 975 1650 1059 1645 1071 1645 1140 1650 1142 1650 1212 1638 1234 1636 1246 1637 1274 1642 1275 1642 1489 1640 1566 1622 1576 1620 1650 1617 1657 1618 1703 1630 1704 1630 1775 1633 1776 1633 1874 1610 1978 1626 1979 1626 2098 1621 2099 1621 2150 1599 2222 1597 2270 1610 2272 1610 2273 1610 2352 1594 2393 1608 2394 1608 2396 1608 2575 1599 2576 1599 2654 1573 2720 1579 2722 1579 2723 1579 2766 1566 2766 1555 2762 1490 2567 1494 2525 1502 2413 1526 2361 1511 2357 1510 2356 1510 2354 1510 2342 1513 2297 1522 2276 1515 2252 1509 2250 1509 2249 1509 1994 1519 1992 1519 1956 1533 1900 1555 1544 1571 1481 1571 1433 1561 1427 1561 1426 1561 1425 1561 1419 1562 1389 1571 1369 1565 1341 1555 1339 1555 1338 1555 1337 1555 1283 1570 1254 1577 1234 1573 1166 1557 1164 1557 1128 1558 1127 1558 1057 1582 1055 1582 1051 1582 960 1570 959 1570 872 1591 829 1602 731 1602 725 1599 694 1591 693 1591 691 1591 690 1591 665 1602 667 1657"/></Shape>
	    <String CONTENT="rue nationale temoins pour ce requis et exprès et"
                    HPOS="665"
                    VPOS="1490"
                    WIDTH="2101"
                    HEIGHT="183"
                    WC="0.9778841478484017"></String>
          </TextLine>
          <TextLine ID="eSc_line_e7ee49ca"
                    TAGREFS="LT323"
                    BASELINE="3126 1772 3352 1746" 
                    HPOS="3118"
                    VPOS="1700"
                    WIDTH="236"
                    HEIGHT="90">
            <Shape><Polygon POINTS="3126 1772 3128 1790 3173 1789 3175 1789 3176 1789 3176 1788 3180 1785 3189 1776 3215 1780 3233 1782 3235 1782 3236 1782 3255 1774 3273 1766 3289 1769 3305 1772 3307 1772 3308 1772 3309 1772 3309 1770 3315 1766 3320 1761 3354 1761 3352 1746 3347 1708 3305 1708 3304 1708 3291 1700 3289 1700 3288 1700 3287 1700 3285 1700 3265 1709 3244 1718 3221 1710 3203 1704 3201 1704 3200 1704 3118 1712 3126 1772"/></Shape>
	    <String CONTENT="set"
                    HPOS="3118"
                    VPOS="1700"
                    WIDTH="236"
                    HEIGHT="90"
                    WC="0.9999944368998209"></String>
          </TextLine>
          <TextLine ID="eSc_line_56948d00"
                    TAGREFS="LT323"
                    BASELINE="662 1782 1119 1749 1699 1740 2073 1721 2356 1721 2580 1700 2830 1688 3332 1648" 
                    HPOS="658"
                    VPOS="1590"
                    WIDTH="2674"
                    HEIGHT="210">
            <Shape><Polygon POINTS="662 1782 662 1800 725 1800 726 1800 734 1798 773 1786 1115 1777 1373 1758 1403 1762 1477 1774 1478 1774 1480 1774 1532 1761 1665 1761 1667 1761 1812 1744 1858 1752 1859 1752 2047 1741 2113 1726 2207 1738 2209 1738 2778 1710 2779 1710 2813 1700 3024 1698 3025 1698 3104 1673 3108 1673 3112 1673 3148 1680 3149 1680 3151 1680 3185 1669 3188 1668 3332 1661 3332 1648 3330 1602 3244 1590 3243 1590 3241 1590 3169 1609 3114 1624 2986 1632 2926 1620 2874 1609 2873 1609 2720 1616 2719 1616 2676 1630 2667 1633 2659 1632 2615 1621 2614 1621 2612 1621 2565 1636 2516 1650 2468 1640 2432 1632 2431 1632 2429 1632 2394 1642 2386 1645 2362 1644 2320 1642 2318 1642 2317 1642 2304 1646 2244 1669 2035 1678 1995 1673 1994 1673 1715 1694 1586 1678 1552 1674 1550 1674 1337 1684 1299 1690 1274 1696 1195 1696 1159 1696 1158 1696 1156 1696 1150 1697 1061 1728 980 1730 829 1725 785 1713 776 1712 774 1712 658 1718 662 1782"/></Shape>
	    <String CONTENT="desquels a pusent testament ayant eté lu et reles un meet"
                    HPOS="658"
                    VPOS="1590"
                    WIDTH="2674"
                    HEIGHT="210"
                    WC="0.9759643757552431"></String>
          </TextLine>
          <TextLine ID="eSc_line_65de8304"
                    TAGREFS="LT323"
                    BASELINE="3116 1889 3192 1881 3360 1877" 
                    HPOS="3113"
                    VPOS="1829"
                    WIDTH="247"
                    HEIGHT="70">
            <Shape><Polygon POINTS="3116 1889 3116 1899 3359 1892 3360 1877 3356 1847 3303 1847 3291 1837 3291 1836 3289 1836 3288 1836 3224 1829 3223 1829 3221 1829 3177 1845 3140 1835 3138 1835 3137 1835 3136 1835 3134 1835 3113 1848 3116 1889"/></Shape>
	    <String CONTENT="eele"
                    HPOS="3113"
                    VPOS="1829"
                    WIDTH="247"
                    HEIGHT="70"
                    WC="0.9999922811985016"></String>
          </TextLine>
          <TextLine ID="eSc_line_7e0d8919"
                    TAGREFS="LT323"
                    BASELINE="686 1900 1379 1871 1883 1864 2006 1849 2452 1827 2656 1804 2850 1796 3078 1773" 
                    HPOS="683"
                    VPOS="1709"
                    WIDTH="2397"
                    HEIGHT="220">
            <Shape><Polygon POINTS="686 1900 686 1929 757 1929 757 1928 781 1924 850 1911 880 1919 898 1924 900 1924 901 1924 902 1924 928 1916 972 1903 1139 1895 1188 1904 1195 1904 1196 1904 1198 1904 1203 1903 1240 1893 1351 1893 1353 1893 1422 1881 1457 1891 1470 1893 1471 1893 1473 1893 1530 1887 1604 1877 1641 1881 1716 1888 1717 1888 1912 1880 2003 1863 2047 1855 2073 1859 2095 1863 2276 1864 2277 1864 2552 1852 2553 1852 2588 1839 2639 1841 2640 1841 2642 1841 2679 1829 2687 1827 2696 1828 2763 1839 2764 1839 2835 1823 2942 1825 2943 1825 2945 1825 2990 1813 2992 1812 3080 1808 3078 1773 3073 1709 2954 1714 2953 1714 2947 1716 2907 1732 2867 1725 2866 1725 2865 1725 2795 1752 2702 1732 2680 1728 2679 1728 2678 1728 2654 1734 2552 1765 2433 1750 2432 1750 2317 1765 2265 1760 2218 1754 2217 1754 2215 1754 2187 1764 2181 1766 2170 1765 2146 1762 2145 1762 2143 1762 2127 1768 2046 1800 1939 1805 1716 1813 1660 1797 1580 1774 1578 1774 1577 1774 1298 1786 1297 1786 1171 1829 1140 1839 1107 1833 1037 1820 1036 1820 1035 1820 951 1843 933 1848 794 1853 786 1853 726 1845 725 1845 723 1845 683 1859 686 1900"/></Shape>
	    <String CONTENT="après tants audic testateur, it a declaré pessestée et etre"
                    HPOS="683"
                    VPOS="1709"
                    WIDTH="2397"
                    HEIGHT="220"
                    WC="0.9734330803661023"></String>
          </TextLine>
          <TextLine ID="eSc_line_941e00f0"
                    TAGREFS="LT323"
                    BASELINE="679 2032 898 2027 1402 1992 2252 1960 3073 1893" 
                    HPOS="675"
                    VPOS="1844"
                    WIDTH="2398"
                    HEIGHT="214">
            <Shape><Polygon POINTS="679 2032 681 2054 752 2050 757 2050 808 2058 809 2058 869 2044 928 2046 929 2046 1052 2032 1067 2031 1071 2031 1132 2044 1134 2044 1266 2019 1271 2018 1337 2015 1382 2014 1439 2024 1441 2024 1442 2024 1494 2006 1496 2006 1501 2006 1602 2012 1604 2012 1605 2012 1632 2003 1671 2010 1672 2010 1756 2006 1757 2006 1787 1995 1835 1997 1836 1997 1960 1977 1967 1977 1971 1977 2122 1985 2123 1985 2214 1965 2270 1975 2272 1975 2394 1963 2481 1964 2483 1964 2484 1964 2529 1945 2638 1955 2639 1955 2934 1937 2935 1937 3005 1916 3005 1915 3073 1911 3073 1893 3070 1856 2993 1844 2992 1844 2990 1844 2947 1861 2941 1865 2866 1867 2861 1867 2809 1855 2807 1855 2760 1864 2720 1856 2719 1856 2667 1868 2608 1864 2607 1864 2606 1864 2537 1883 2524 1885 2503 1884 2444 1880 2443 1880 2441 1880 2408 1889 2376 1899 2289 1903 2246 1897 2179 1888 2178 1888 1862 1907 1805 1911 1804 1911 1771 1921 1723 1937 1530 1937 1529 1937 1454 1953 1280 1956 1007 1979 917 1967 916 1967 914 1967 845 1988 768 1972 765 1972 764 1972 675 1976 679 2032"/></Shape>
	    <String CONTENT="dmiere volontes, revocqeant tous auties testaments"
                    HPOS="675"
                    VPOS="1844"
                    WIDTH="2398"
                    HEIGHT="214"
                    WC="0.9980716490745545"></String>
          </TextLine>
          <TextLine ID="eSc_line_7a134e0d"
                    TAGREFS="LT323"
                    BASELINE="671 2154 1749 2103 3283 1997" 
                    HPOS="666"
                    VPOS="1937"
                    WIDTH="2617"
                    HEIGHT="241">
            <Shape><Polygon POINTS="671 2154 673 2175 768 2170 773 2170 868 2178 869 2178 870 2178 904 2167 951 2176 952 2176 953 2176 1043 2152 1047 2152 1053 2152 1142 2156 1143 2156 1144 2156 1178 2146 1259 2147 1260 2147 1262 2147 1282 2140 1421 2144 1422 2144 1423 2144 1501 2124 1504 2124 1505 2124 1605 2148 1606 2150 1650 2150 1650 2148 1749 2142 1751 2142 1836 2118 1923 2131 1924 2131 2125 2119 2126 2119 2210 2088 2297 2078 2524 2094 2525 2094 2778 2079 2842 2075 2843 2075 2906 2054 2949 2055 2950 2055 2951 2055 3028 2030 3283 2014 3283 1997 3279 1949 3225 1937 3224 1937 3145 1947 3144 1947 3110 1957 3085 1965 3037 1961 2994 1957 2993 1957 2992 1957 2973 1964 2954 1971 2926 1967 2858 1956 2857 1956 2855 1956 2813 1972 2767 1989 2706 1987 2704 1987 2703 1987 2679 1996 2539 1997 2445 2010 2365 1995 2325 1988 2324 1988 2282 1997 2250 1991 2249 1991 2248 1991 2224 2000 2106 1996 2105 1996 2103 1996 2066 2010 2045 2018 1932 2018 1931 2018 1930 2018 1892 2031 1784 2027 1783 2027 1781 2027 1701 2056 1403 2075 1313 2076 1167 2056 1166 2056 1114 2067 1065 2060 1040 2058 1039 2058 666 2080 671 2154"/></Shape>
	    <String CONTENT="codicilles auterieurs au prisent fais et passé u Rrevet c"
                    HPOS="666"
                    VPOS="1937"
                    WIDTH="2617"
                    HEIGHT="241"
                    WC="0.9746489849006921"></String>
          </TextLine>
          <TextLine ID="eSc_line_60059e12"
                    TAGREFS="LT323"
                    BASELINE="3163 2230 3309 2218 3399 2219" 
                    HPOS="3160"
                    VPOS="2143"
                    WIDTH="239"
                    HEIGHT="103">
            <Shape><Polygon POINTS="3163 2230 3163 2237 3212 2234 3220 2238 3231 2246 3232 2246 3233 2246 3235 2246 3257 2245 3259 2245 3260 2245 3271 2238 3284 2230 3308 2238 3313 2239 3315 2239 3316 2239 3399 2237 3399 2219 3395 2167 3378 2159 3376 2159 3375 2159 3374 2159 3364 2163 3343 2144 3343 2143 3342 2143 3340 2143 3339 2143 3295 2144 3293 2144 3292 2144 3292 2146 3267 2168 3232 2168 3231 2168 3229 2168 3228 2168 3228 2170 3208 2188 3205 2192 3160 2194 3163 2230"/></Shape>
	    <String CONTENT="ele"
                    HPOS="3160"
                    VPOS="2143"
                    WIDTH="239"
                    HEIGHT="103"
                    WC="0.9999577601750692"></String>
          </TextLine>
          <TextLine ID="eSc_line_2b5aaaa8"
                    TAGREFS="LT323"
                    BASELINE="674 2282 833 2278 1126 2254 1399 2245 1772 2214 2023 2206 2252 2180 2766 2158 2976 2142 3128 2118 3372 2102" 
                    HPOS="669"
                    VPOS="2047"
                    WIDTH="2703"
                    HEIGHT="252">
            <Shape><Polygon POINTS="674 2282 674 2297 824 2299 825 2299 929 2285 1036 2289 1037 2289 1039 2289 1084 2271 1087 2271 1091 2271 1186 2279 1187 2279 1259 2269 1402 2269 1403 2269 1537 2250 1592 2258 1593 2258 1701 2253 1791 2235 1912 2238 1914 2238 1959 2227 2122 2226 2193 2213 2337 2213 2338 2213 2340 2213 2388 2199 2445 2206 2447 2206 2596 2196 2598 2196 2660 2172 2662 2172 2670 2172 2921 2172 2921 2171 2922 2171 2969 2156 3058 2158 3060 2158 3061 2158 3092 2146 3371 2127 3372 2102 3366 2048 3308 2058 3283 2052 3257 2047 3256 2047 3106 2048 3105 2048 3042 2066 2977 2084 2923 2078 2922 2078 2921 2078 2869 2096 2762 2102 2660 2088 2659 2088 2658 2088 2569 2115 2313 2130 2217 2112 2181 2107 2179 2107 2125 2110 2123 2110 2093 2120 2008 2150 1888 2156 1815 2143 1813 2143 1781 2150 1747 2143 1745 2143 1744 2143 1679 2162 1478 2155 1425 2154 1423 2154 1422 2154 1401 2159 1271 2196 1187 2200 1114 2187 1112 2187 1059 2192 989 2183 977 2182 976 2182 669 2200 674 2282"/></Shape>
	    <String CONTENT="la requitition du dir testateur, Poit ilu nord ercest e lede"
                    HPOS="669"
                    VPOS="2047"
                    WIDTH="2703"
                    HEIGHT="252"
                    WC="0.9786546438932419"></String>
          </TextLine>
          <TextLine ID="eSc_line_5cc7bb3e"
                    TAGREFS="LT323"
                    BASELINE="2750 2389 3068 2363 3464 2365" 
                    HPOS="2747"
                    VPOS="2295"
                    WIDTH="717"
                    HEIGHT="107">
            <Shape><Polygon POINTS="3455 2305 3434 2322 3394 2311 3392 2311 3391 2311 3390 2311 3388 2311 3388 2313 3387 2313 3379 2325 3331 2325 3317 2313 3317 2311 3316 2311 3315 2311 3313 2311 3312 2311 3308 2313 3283 2327 3245 2327 3219 2322 3215 2318 3191 2297 3191 2295 3189 2295 3188 2295 3187 2295 3116 2297 3114 2297 3050 2326 3049 2327 3049 2326 3038 2318 3038 2317 3037 2317 3036 2317 3034 2317 3033 2317 3032 2317 3017 2326 2993 2322 2973 2303 2973 2302 2972 2302 2970 2302 2969 2302 2887 2303 2853 2311 2851 2311 2850 2311 2850 2313 2826 2338 2825 2341 2747 2342 2750 2389 2750 2401 2793 2402 2802 2402 2815 2402 2829 2402 2842 2402 2845 2402 2861 2397 2877 2391 2894 2395 2919 2401 2921 2401 2922 2401 2923 2401 2923 2399 2930 2394 2934 2389 2958 2387 3038 2389 3081 2390 3082 2390 3084 2390 3096 2387 3116 2381 3251 2378 3256 2381 3272 2390 3273 2390 3275 2390 3276 2390 3343 2389 3344 2389 3346 2389 3355 2381 3432 2386 3434 2386 3435 2386 3464 2371 3464 2365 3458 2307 3455 2305"/></Shape>
	    <String CONTENT="en déviible avour"
                    HPOS="2747"
                    VPOS="2295"
                    WIDTH="717"
                    HEIGHT="107"
                    WC="0.9866191955173716"></String>
          </TextLine>
          <TextLine ID="eSc_line_2072c02c"
                    TAGREFS="LT323"
                    BASELINE="780 2393 1051 2362 1480 2345 2004 2303 2305 2287 2695 2281 3021 2258" 
                    HPOS="776"
                    VPOS="2203"
                    WIDTH="2245"
                    HEIGHT="199">
            <Shape><Polygon POINTS="780 2402 792 2402 805 2402 818 2402 832 2402 845 2402 858 2402 872 2402 885 2402 898 2402 900 2402 940 2401 941 2401 952 2395 967 2389 1053 2383 1085 2387 1126 2393 1127 2393 1164 2391 1166 2391 1190 2381 1194 2379 1207 2379 1275 2385 1276 2385 1278 2385 1322 2373 1339 2369 1363 2370 1433 2375 1434 2375 1564 2361 1588 2366 1589 2366 1590 2366 1793 2354 1795 2354 1839 2341 1852 2337 1863 2339 1874 2341 1875 2341 1966 2333 2063 2323 2078 2326 2121 2333 2122 2333 2123 2333 2165 2319 2177 2315 2357 2306 2377 2306 2449 2310 2451 2310 2452 2310 2493 2299 2495 2299 2496 2299 2527 2309 2528 2309 2529 2309 2585 2298 2730 2298 2731 2298 2732 2298 2787 2285 2962 2285 2964 2285 2965 2285 3020 2266 3021 2258 3017 2210 2964 2203 2962 2203 2961 2203 2941 2211 2897 2209 2895 2209 2690 2227 2643 2231 2638 2230 2606 2222 2604 2222 2603 2222 2602 2222 2567 2234 2563 2237 2485 2241 2476 2239 2421 2229 2420 2229 2306 2245 2218 2230 2217 2230 2215 2230 2134 2258 2122 2262 2105 2259 1994 2243 1992 2243 1959 2246 1958 2246 1895 2271 1894 2271 1892 2271 1833 2261 1832 2261 1761 2273 1676 2262 1675 2262 1518 2271 1517 2271 1492 2281 1451 2275 1450 2275 1315 2283 1314 2283 1247 2307 1231 2313 1198 2310 1071 2298 1069 2298 1001 2302 1000 2302 937 2325 909 2334 776 2334 780 2393 780 2402"/></Shape>
	    <String CONTENT="me le quintidé dle la prenmiere decaite de nevrs"
                    HPOS="776"
                    VPOS="2203"
                    WIDTH="2245"
                    HEIGHT="199"
                    WC="0.9842329037686189"></String>
          </TextLine>
        </TextBlock>
        <TextBlock HPOS="443"
                   VPOS="1650"
                   WIDTH="105"
                   HEIGHT="47"
                   ID="eSc_textblock_971c8d1a"
                   TAGREFS="BT475">
          <Shape><Polygon POINTS="474 1650 543 1656 548 1670 454 1697 443 1661 474 1650"/></Shape>
        </TextBlock>
        <TextBlock HPOS="464"
                   VPOS="2067"
                   WIDTH="63"
                   HEIGHT="47"
                   ID="eSc_textblock_0a2b0e9f"
                   TAGREFS="BT475">
          <Shape><Polygon POINTS="490 2067 527 2092 470 2114 464 2078 490 2067"/></Shape>
        </TextBlock>
        <TextBlock HPOS="416"
                   VPOS="1175"
                   WIDTH="100"
                   HEIGHT="63"
                   ID="eSc_textblock_4dc957ef"
                   TAGREFS="BT475">
          <Shape><Polygon POINTS="456 1175 511 1191 516 1216 468 1238 416 1227 422 1185 456 1175"/></Shape>
        </TextBlock>
        <TextBlock HPOS="577"
                   VPOS="2072"
                   WIDTH="25"
                   HEIGHT="42"
                   ID="eSc_textblock_88879c49"
                   TAGREFS="BT475">
          <Shape><Polygon POINTS="586 2072 602 2078 591 2114 577 2108 586 2072"/></Shape>
        </TextBlock>
        <TextBlock HPOS="619"
                   VPOS="747"
                   WIDTH="4"
                   HEIGHT="10"
                   ID="eSc_textblock_60641460"
                   TAGREFS="BT475">
          <Shape><Polygon POINTS="623 747 623 757 619 757 619 747 623 747"/></Shape>
        </TextBlock>
        <TextBlock HPOS="518"
                   VPOS="1800"
                   WIDTH="36"
                   HEIGHT="31"
                   ID="eSc_textblock_38a75d55"
                   TAGREFS="BT475">
          <Shape><Polygon POINTS="522 1800 554 1805 543 1831 518 1825 522 1800"/></Shape>
        </TextBlock>
      </PrintSpace>
    </Page>
  </Layout>
</alto>
