2479 2658
366 1 1864 117 Caty huissur Es Tribuneaux de Cettois dend'eu cette ville Rue des

1963 1 244 61 Jeuu e

370 79 1981 120 pamplemouste lt au p frtrmois Coittean qar de magasie delare pul dind

360 158 1872 110 Ee cettdoitte Ruc de Lepfue temoins Vour cerequis le Expres appellé

369 240 1920 105 Ea présune desquil le pront testament agurd été la ce Retie au Mal

379 311 1965 112 Apret Lautre au d. testateud il a diclaré y persister le être Sis

361 407 1955 102 derieres Volontés fait a passe ru Buset a la requtsition du de testa tuur

367 484 1981 118 a Coté de Son lit port du nordouer Jle de France le quinte de ee

353 575 1990 104 La premiere dua de de misse dor de las M^e de lareput f une sjudivis

372 648 1901 93 a la moitie de Jour et le testateur a Siqué avec lestesmoins El les no

2300 637 31 54 4

381 716 1669 119 après tectuyf faite signe peuts, Clailleau caty n Balu

644 829 1650 119 Enregistré par moi Guffier dutibunal civil Soussigné suir

652 909 1695 120 une expedition du de testament deposé en letadet dlu Cit Balu

672 1004 1691 118 Notaie par le let Caleea executeur testamentaire le f4 memelou

682 1079 1616 120 pesente année, la ditte expevition a moi presentée, a cet

695 1151 1639 135 effet et par moi reuduu apiès mention fuite na clle alu

697 1264 616 106 present enegistiement

684 1295 1635 160 Ausoit du Mord auest Ile de fuice le Vingt unq messider

701 1402 1003 144 au 4^t de la Nepèr fur ue et mi

1738 1414 274 83 Busson

28 1609 401 89 Contral élemanage

124 1680 147 60 Dentre

1 1681 2342 123 Jucgus p^ons fremont un Contrant de Mariage Reuu Pus durans qui lu a tuul da Susonfrere

397 1865 1649 115 au M^ee de larepast frdiaine rue a judivisible C^l le dix neu fraste dot Par Servier

413 1990 1919 142 Le C^ pacques Francois Fresmont Capdᵉ Pour les voistrant de Commerd residu cauldville

1112 1940 260 105 Cntte

404 2076 1921 156 fils Majeur ne a courcelle de pustement du Cate dedot dharbie Fresurd le Mariaux

406 2195 792 111 Jae queline jouanne Ses Pere Mire

1116 2235 213 73 Avu

422 2248 1928 144 Citoyenne Jeanne Cattieint de troches fale uiaure nt lu cett ple du Muriage d

416 2330 1924 165 Gatpard touis desrorhes a e Jeanne olive qunrt le donte cette deers au jourdhuy

407 2424 1334 152 douse de charles Elitabelb Perral, deun ce atte vlle

548 2473 1759 183 Les fatier Epuf se font par let Présnts donation latrevifs, ytiell
