3508 2454
1081 2 2080 124 amoi pasenter aut effec et de suite recediue apre min

1090 89 1460 144 faite Sur ccelle du frésent rcguttement

1081 169 2128 159 Audoit dectord ount Jle de France le Vingt luiu memder

2647 259 59 62 2

1090 302 1500 149 au qeatir de le Repe fe une et ni

40 494 493 108 testament du Cet

2188 440 403 103 Bunnon

40 609 433 114 M^e Lesinger

515 714 2777 104 Var devant nous Louis heuri Duraud Notaire Publie al'Jsle de France soussigne et

523 838 2746 113 les temoins cy après nommes fut pasent Eitoyen Muoles Lecugee cordonmée

361 920 86 86 35

516 969 2629 110 demeurant encette velle natef de mont fanmon pes de verdien povince

528 1092 2802 140 a devant Champaque logi rue de la Sompe ou nour lavons trouvé dane

520 1214 2638 152 une teconde chambre dune case enbois au lit malade de cops, jani

513 1315 2810 177 tout defoii depru memoire ct entendement ainsi qu'il nour est apparee par

528 1435 2701 164 ses descouss et entretien, lequel dans lavice de la moit aprés avoir

531 1551 2727 158 recommatdé ton cne ce Dun afair et nous adicté ton testament annsi

527 1650 400 103 quil neii.

530 1745 2770 133 Jedonne et legue vingt mille livres monnoie de la Colonie a la nommée

3347 1657 80 127 Ve

520 1856 2645 150 Mathenne mgisse en recompeuse destons quelle me reud dans

528 1970 1917 169 ema maladie cette negresse ne mappurtrent par

3358 1930 73 121 2

3377 305 87 118 les

3375 473 44 118 4
