2808 2479
837 1 1800 110 france soussigni our une expedelion dunlu contrai

839 72 1883 155 demariage amoi presentte a cet effet, et desinte rendece

847 177 1850 165 après mentron faite sur cuelle du pésent anregistrement

841 287 1860 170 au foit deu Noir onst Js le de Frances le prenmar themudor

2099 384 177 85 8are

1668 429 284 95 Gntaonn

38 472 413 99 testament de

584 483 36 69 2

840 436 368 128 au quatie

1324 483 266 107 Busson.

1663 510 17 46 1

2161 490 36 54 4

2214 457 42 121 4

2135 571 36 80 4

53 600 313 117 Villenmuve

1584 626 94 84 2

2079 683 60 63 30

376 709 2255 144 y Lan quatiieme de la Nepablique francaiscs une eindememble le vingt

362 801 32 118 4

461 818 2169 130 nuif memder huit huurre du mêtin en une chambre au pencier alage

362 950 78 85 57

449 897 2240 162 eapossit au non dependante de lappartemant quocype Jas Villemern

449 1002 2171 132 Eheuargien majar au cent triitien regemant denfanterie dans une

462 1082 2221 149 maiion me dle la Pope nille et port du nod cntst, de losle de france

449 1172 2223 157 Vardivant moi Jnlun  François quenis nolaire pablis eiladete Ille ce lu

333 1298 127 105 da

457 1291 2232 149 paniée de Barmets colés et de Micoles Diniachy tous deux temoins

465 1402 2121 121 majuiedomiciliéé en laditte ville expui requis et apfelles est

465 1497 2093 136 compar Le de Jses Villeneuve tnonnt cancté dan con lit

462 1593 2128 135 malade de coys mais sani despit et dentordement ainsi qu'il

458 1698 2201 146 eit apparie auxdetst notaime s^t temoins toussignée lequel en présence

465 1816 2179 123 denits temains enfeui. dlité et nommme son testament andu nolaire

2708 1823 53 98 Ve

461 1925 1910 109 dommé téxprusion et ordonnance drone desaieres volontés

471 2019 1255 133 Ja veax ques seur les biens detante, iyne

1734 2023 874 146 qui ja de laisserai mes

1758 2086 55 55 Vr

2706 2072 57 59 3

812 2302 122 117 1

1264 2337 51 89 0

2737 853 22 82 1
