3508 2396
737 58 2109 141 uun demandant ni nen exegant dantre dudit donaleur dont decharge.

710 154 2650 134 Sait et passé en double minutte au Pat dectord oust Jsle de france en tetiéde lan quatrieme

729 244 2623 126 del Repablique francaise une et indivisible le vingt Sux Prairie avant midé et ont lesiet

720 355 2628 100 Eet Pougnet et cet marie Louise therire signé deux munutter despresenter avec les notaires

720 451 455 92 apres rectun fait.

714 501 2623 104 dest aini aux deux mimutter de la donaton cecames et dles autre ports tianserie aulas de

714 599 2622 97 Aine desquelles dette premieere entiaie controtté au Port du nordount Jlese fauce le trente

710 692 2620 97 pairial au quatrieme par leuvre qui a Marqué recui quarante levier sout dememnes

708 777 2620 121 eulaposemon de Delive ruu ds notaiie sousignés qui adelerré la presente expéditéon sgné

700 855 168 84 Delisle

1162 902 2187 134 Aurngistr par moi Greffier dectubunal cev il de lhlede france soussigné

1156 1022 2204 114 taulerpidition de la dette Donation a moi presentée a cet iffet. ce par

1148 1104 2225 123 moi defaite reuduc après mention faite fur ccelté d présent ensegntremen

1155 1183 2189 145 Autoit donord vant Jsle de france le fept miidor au quatre de la

1159 1267 1129 118 Repablaque française une et nedévinbli

3240 1295 16 97 1

2329 1391 325 83 Bunon

643 1493 29 56 4

1616 1510 90 139 d

1838 1556 69 83 8

3196 1578 122 59 d

732 1633 2532 154 PAdevant SeDno^ Pablie a PIsle de Fance Et lestesmoins

3429 1621 75 64 4t

3412 1699 93 109 Mi

282 1750 410 110 Destament de

753 1746 1170 158 ousignée fat Présent Louis Charinal C^e

1982 1814 1302 125 Capᵉ des Batimeat du Commerie Comman.

235 1864 2906 180 Louis Carral Detaittement le Batiement la Bonne marie, dend eu atte ville Paroiste Ft Loui

3413 1852 91 74 Vet

230 1955 2923 204 Capᵉ de la Donne Lequel en presence des Tismoins cy apres nommes. Sain de Doyps. Ro

214 2043 301 82 Maziu

220 2116 301 80 22

688 2081 2555 191 Acessaire, jagement ae Extendement ainsi qu'il est apparu tant aus dits temoins Luan

681 2177 2609 192 no^re en tetade duquel Veut tretenir toute diffecutté que Sourraient Se lever. du

685 2266 1053 128 Vnait a dcedut dans le Voyage qu'il
