<?xml version="1.0" encoding="UTF-8"?>
<alto xmlns:xsi="http://www.w3.org/2001/XMLSchema-instance"
      xmlns="http://www.loc.gov/standards/alto/ns-v4#"
      xsi:schemaLocation="http://www.loc.gov/standards/alto/ns-v4# http://www.loc.gov/standards/alto/v4/alto-4-2.xsd">
  <Description>
    <MeasurementUnit>pixel</MeasurementUnit>
    <sourceImageInformation>
      <fileName>JK13_1.pdf_page_21.png</fileName>
      <fileIdentifier>pdf//JK13_1.pdf</fileIdentifier>
    </sourceImageInformation>
  </Description>
  <Tags>
    <OtherTag ID="BT7" LABEL="CustomZone" DESCRIPTION="block type CustomZone"/><OtherTag ID="BT8" LABEL="DamageZone" DESCRIPTION="block type DamageZone"/><OtherTag ID="BT12" LABEL="MainZone" DESCRIPTION="block type MainZone"/><OtherTag ID="BT13" LABEL="MarginTextZone" DESCRIPTION="block type MarginTextZone"/><OtherTag ID="BT15" LABEL="NumberingZone" DESCRIPTION="block type NumberingZone"/><OtherTag ID="BT17" LABEL="QuireMarksZone" DESCRIPTION="block type QuireMarksZone"/><OtherTag ID="BT469" LABEL="CustomZone:closer" DESCRIPTION="block type CustomZone:closer"/><OtherTag ID="BT470" LABEL="CustomZone:paraph" DESCRIPTION="block type CustomZone:paraph"/><OtherTag ID="BT471" LABEL="DigitizationArtefactZone:fingers" DESCRIPTION="block type DigitizationArtefactZone:fingers"/><OtherTag ID="BT472" LABEL="NumberingZone:document" DESCRIPTION="block type NumberingZone:document"/><OtherTag ID="BT473" LABEL="NumberingZone:folio" DESCRIPTION="block type NumberingZone:folio"/><OtherTag ID="BT474" LABEL="NumberingZone:page" DESCRIPTION="block type NumberingZone:page"/><OtherTag ID="BT475" LABEL="text" DESCRIPTION="block type text"/>
    <OtherTag ID="LT8" LABEL="DefaultLine" DESCRIPTION="line type DefaultLine"/><OtherTag ID="LT10" LABEL="HeadingLine" DESCRIPTION="line type HeadingLine"/><OtherTag ID="LT11" LABEL="InterlinearLine" DESCRIPTION="line type InterlinearLine"/><OtherTag ID="LT323" LABEL="default" DESCRIPTION="line type default"/>
  </Tags>
  <Layout>
    <Page WIDTH="2479"
          HEIGHT="2617"
          PHYSICAL_IMG_NR="20"
          ID="eSc_dummypage_">
      <PrintSpace HPOS="0"
                  VPOS="0"
                  WIDTH="2479"
                  HEIGHT="2617">
        <TextBlock HPOS="197"
                   VPOS="34"
                   WIDTH="2218"
                   HEIGHT="2581"
                   ID="eSc_textblock_51f7b5f7"
                   TAGREFS="BT475">
          <Shape><Polygon POINTS="1852 34 2205 69 2327 174 2304 376 2345 738 2333 876 2368 988 2368 1626 2397 1773 2391 1865 2415 1901 2362 2157 2385 2273 2368 2615 407 2615 383 2500 325 2487 331 2448 255 2336 244 2249 250 2087 289 2105 341 2081 325 2041 353 2041 378 2004 366 1738 389 1708 395 1605 372 1574 389 1551 378 1349 348 1336 383 1283 378 1227 279 1138 302 1068 279 1052 308 1039 308 988 226 1010 197 981 226 953 296 963 308 924 238 895 302 865 296 837 337 795 308 203 244 178 238 133 283 116 279 81 296 75 1363 75 1852 34"/></Shape>
          <TextLine ID="eSc_line_4ebc38cd"
                    TAGREFS="LT323"
                    BASELINE="315 162 494 161 1062 130 1375 130 1711 116 2198 114" 
                    HPOS="312"
                    VPOS="47"
                    WIDTH="1886"
                    HEIGHT="146">
            <Shape><Polygon POINTS="1547 59 1532 61 1517 62 1503 62 1488 63 1474 65 1461 65 1350 93 1347 93 1346 93 1267 77 1266 77 1209 85 1097 75 1096 75 1081 75 1067 75 1052 75 1038 75 1023 75 1009 75 994 75 985 75 947 77 946 77 889 103 866 97 865 97 863 97 862 97 841 107 840 109 773 109 769 109 741 98 740 98 738 98 737 98 712 111 709 113 655 113 654 113 596 88 594 88 593 88 591 88 527 116 484 101 482 101 481 101 479 101 426 119 424 120 312 122 315 162 316 193 715 183 716 183 728 177 767 159 844 173 865 175 866 175 886 171 969 149 1174 146 1224 158 1234 159 1235 159 1237 159 1248 157 1305 142 1372 152 1388 154 1389 154 1420 149 1467 143 1478 148 1500 157 1501 157 1503 157 1504 157 1539 145 1577 132 1674 129 1811 127 1829 133 1836 136 1837 136 1839 136 1840 136 1850 133 1869 126 1895 130 1973 146 1974 146 1975 146 2034 129 2160 133 2162 133 2163 133 2198 119 2198 114 2195 69 2122 62 2121 62 2025 72 1962 47 1961 47 1959 47 1868 49 1837 50 1836 50 1785 75 1752 63 1750 63 1749 63 1747 63 1709 82 1642 56 1641 56 1640 56 1638 56 1610 65 1568 58 1567 58 1557 58 1547 59"/></Shape>
	    <String CONTENT="Ca plus Betle glace lera de droit a la Courtandiere les noirr d&#x27;elex ateth"
                    HPOS="312"
                    VPOS="47"
                    WIDTH="1886"
                    HEIGHT="146"
                    WC="0.9845230136368726"></String>
          </TextLine>
          <TextLine ID="eSc_line_a695e2b4"
                    TAGREFS="LT323"
                    BASELINE="322 260 959 250 1843 212 2320 213" 
                    HPOS="321"
                    VPOS="152"
                    WIDTH="1999"
                    HEIGHT="134">
            <Shape><Polygon POINTS="2311 167 2268 167 2266 167 2212 152 2211 152 2210 152 2208 152 2173 170 2122 171 2061 173 2060 173 2006 152 2005 152 2003 152 2002 152 1954 171 1888 171 1737 154 1736 154 1509 161 1507 161 1430 189 1420 193 1285 194 1278 193 1230 177 1228 177 1227 177 1225 177 1155 196 1152 196 1147 196 1064 189 1062 189 981 200 946 204 914 202 862 197 860 197 859 197 843 203 833 207 818 204 744 187 742 187 687 199 663 189 661 189 660 189 578 197 539 187 537 187 536 187 535 187 513 197 492 189 491 189 489 189 389 196 388 196 321 216 322 260 324 286 344 276 394 279 395 279 396 279 428 268 457 274 459 274 514 267 551 280 552 280 553 280 559 280 622 273 645 277 663 282 664 282 699 277 744 270 809 274 827 274 828 274 837 273 892 261 943 270 959 273 961 273 1212 267 1214 267 1228 263 1289 247 1494 250 1496 250 1583 235 1740 232 1853 232 1935 244 1936 244 2051 223 2084 235 2086 235 2087 235 2089 235 2118 226 2175 239 2178 239 2179 239 2320 235 2320 213 2319 210 2311 167"/></Shape>
	    <String CONTENT="Eont noure Pendant Sept ahuil mois Par lEtasisturent a ponditions"
                    HPOS="321"
                    VPOS="152"
                    WIDTH="1999"
                    HEIGHT="134"
                    WC="0.9868005110667302"></String>
          </TextLine>
          <TextLine ID="eSc_line_74155b19"
                    TAGREFS="LT323"
                    BASELINE="331 347 886 344 1004 341 1202 324 1666 309 2250 303" 
                    HPOS="328"
                    VPOS="247"
                    WIDTH="1922"
                    HEIGHT="122">
            <Shape><Polygon POINTS="331 347 331 360 347 367 348 367 350 367 351 367 380 359 385 357 489 357 491 357 540 366 542 366 681 357 712 369 713 369 715 369 789 360 808 367 809 367 811 367 1102 363 1103 363 1184 341 1203 337 1304 338 1330 338 1373 353 1375 353 1376 353 1471 334 1485 332 1504 334 1551 338 1552 338 1587 332 1602 330 1609 331 1626 337 1628 337 1629 337 1754 328 1804 325 1810 327 1840 340 1842 340 1843 340 1900 332 1927 341 1929 341 1930 341 1932 341 1974 324 1977 322 1999 322 2194 331 2195 331 2196 331 2250 316 2250 303 2244 257 2198 268 2154 263 2153 263 2151 263 2121 274 2073 260 2057 255 2055 255 2054 255 2028 260 1952 247 1951 247 1529 252 1528 252 1472 273 1458 277 1413 274 1408 274 1407 274 1405 274 1357 287 1320 277 1318 277 1308 276 1248 274 1247 274 1246 274 1237 277 1219 284 1205 279 1192 273 1190 273 1189 273 1187 273 1176 279 1170 282 1161 279 1141 273 1139 273 1138 273 1136 273 1119 280 1097 289 1075 282 1032 266 1030 266 1029 266 953 283 926 290 908 284 895 280 894 280 892 280 891 280 879 284 863 292 811 286 785 284 783 284 782 284 776 287 754 298 328 298 331 347"/></Shape>
	    <String CONTENT="roitars au oine ln mabir je declard avoir a elle, dis Coissde y delle choisira"
                    HPOS="328"
                    VPOS="247"
                    WIDTH="1922"
                    HEIGHT="122"
                    WC="0.95276473233333"></String>
          </TextLine>
          <TextLine ID="eSc_line_8d6026fe"
                    TAGREFS="LT323"
                    BASELINE="335 425 1000 418 1782 385 2266 376" 
                    HPOS="334"
                    VPOS="330"
                    WIDTH="1932"
                    HEIGHT="129">
            <Shape><Polygon POINTS="335 425 335 450 473 459 475 459 476 459 507 446 520 440 545 444 593 453 594 455 687 455 687 453 689 453 718 439 726 436 738 439 785 450 786 450 788 450 920 447 921 447 966 434 997 444 998 444 1000 444 1077 443 1078 443 1121 427 1122 427 1161 440 1163 440 1164 440 1289 437 1291 437 1343 420 1353 417 1373 418 1420 424 1421 424 1423 424 1445 417 1453 414 1513 414 1645 417 1647 417 1648 417 1661 409 1667 407 1770 405 1782 407 1874 421 1875 421 1964 402 1989 408 1990 408 1991 408 2034 398 2039 398 2057 398 2170 401 2172 401 2265 391 2266 376 2262 330 2188 340 2054 337 2005 335 2003 335 2002 335 1994 338 1968 351 1941 340 1939 340 1938 340 1936 340 1935 340 1932 341 1901 351 1863 343 1847 340 1846 340 1717 343 1688 350 1648 359 1619 351 1618 351 1616 351 1615 351 1609 351 1554 366 1256 372 1235 366 1228 363 1227 363 1225 363 1224 363 1216 366 1202 372 1190 367 1176 362 1174 362 1173 362 1171 362 1152 369 1128 376 1097 370 1081 367 1080 367 1061 372 1033 378 1019 373 998 366 997 366 995 366 994 366 978 375 965 380 947 376 921 367 920 367 918 367 917 367 884 378 873 380 866 379 828 367 827 367 825 367 824 367 796 375 713 370 712 370 710 370 681 385 674 388 652 386 551 375 549 375 548 375 489 392 481 395 334 396 335 425"/></Shape>
	    <String CONTENT="faii les amasr le que les poutaitte d&#x27;hypotit lde géramme slue, a ppartiennent"
                    HPOS="334"
                    VPOS="330"
                    WIDTH="1932"
                    HEIGHT="129"
                    WC="0.9345540778759198"></String>
          </TextLine>
          <TextLine ID="eSc_line_747d51ed"
                    TAGREFS="LT323"
                    BASELINE="340 508 873 494 1608 462 2288 447" 
                    HPOS="338"
                    VPOS="391"
                    WIDTH="1950"
                    HEIGHT="148">
            <Shape><Polygon POINTS="340 508 341 539 421 521 498 533 519 536 520 536 551 532 578 527 628 529 694 530 696 530 697 530 712 526 726 520 737 524 744 527 745 527 747 527 917 523 918 523 936 517 978 501 1179 503 1180 503 1182 503 1212 494 1397 494 1398 494 1477 485 1520 492 1522 492 1581 482 1613 489 1640 497 1641 497 1642 497 1644 497 1661 488 1677 481 1702 487 1728 492 1730 492 1772 487 1839 494 1840 494 1842 494 1888 482 1919 489 1920 489 1922 489 1923 489 1967 476 1983 472 2000 475 2018 478 2019 478 2041 473 2076 466 2100 471 2112 473 2114 473 2115 473 2122 471 2135 465 2153 469 2202 482 2204 482 2205 482 2288 463 2288 447 2284 396 2252 391 2250 391 2249 391 2230 398 2201 411 2112 415 2080 404 2064 398 2063 398 2026 398 2025 398 2023 398 2003 407 1993 411 1984 407 1967 401 1965 401 1964 401 1922 409 1907 412 1900 411 1890 407 1888 407 1887 407 1885 407 1875 411 1866 415 1850 412 1813 405 1811 405 1731 417 1728 417 1727 417 1689 409 1688 409 1568 412 1506 418 1504 418 1483 427 1458 437 1349 439 1331 433 1321 428 1320 428 1318 428 1317 428 1307 433 1288 443 1203 444 1179 439 1138 427 1136 427 1135 427 1134 427 1100 441 1091 444 1077 441 1036 434 1035 434 1033 434 1006 444 990 452 930 453 869 450 712 440 710 440 594 460 565 466 520 466 516 463 489 452 488 452 386 450 385 450 383 450 338 468 340 508"/></Shape>
	    <String CONTENT="daditte et chargé de faire faire Boune chaie Tasion Esepteur testamentaiu ce"
                    HPOS="338"
                    VPOS="391"
                    WIDTH="1950"
                    HEIGHT="148"
                    WC="0.958280274742528"></String>
          </TextLine>
          <TextLine ID="eSc_line_47d48964"
                    TAGREFS="LT323"
                    BASELINE="1846 535 1964 530" 
                    HPOS="1845"
                    VPOS="494"
                    WIDTH="119"
                    HEIGHT="74">
            <Shape><Polygon POINTS="1846 535 1847 556 1884 546 1903 562 1907 565 1907 567 1909 567 1910 567 1962 568 1964 530 1961 505 1916 494 1914 494 1913 494 1911 494 1911 495 1904 501 1898 505 1845 497 1846 535"/></Shape>
	    <String CONTENT="27"
                    HPOS="1845"
                    VPOS="494"
                    WIDTH="119"
                    HEIGHT="74"
                    WC="0.9999949336051941"></String>
          </TextLine>
          <TextLine ID="eSc_line_b3ccf92f"
                    TAGREFS="LT323"
                    BASELINE="2154 529 2223 532" 
                    HPOS="2153"
                    VPOS="473"
                    WIDTH="70"
                    HEIGHT="86">
            <Shape><Polygon POINTS="2153 546 2220 559 2223 532 2223 492 2210 492 2207 488 2194 475 2194 473 2192 473 2191 473 2189 473 2188 473 2173 479 2166 482 2160 475 2154 529 2153 546"/></Shape>
	    <String CONTENT="3."
                    HPOS="2153"
                    VPOS="473"
                    WIDTH="70"
                    HEIGHT="86"
                    WC="0.9999887347221375"></String>
          </TextLine>
          <TextLine ID="eSc_line_85ec8562"
                    TAGREFS="LT323"
                    BASELINE="347 588 571 578 969 572 1141 559 1628 546 1782 535" 
                    HPOS="344"
                    VPOS="482"
                    WIDTH="1438"
                    HEIGHT="143">
            <Shape><Polygon POINTS="347 588 347 625 520 613 521 613 575 597 597 603 599 603 600 603 651 596 673 604 674 604 676 604 741 597 756 606 757 606 758 606 760 606 761 606 793 594 815 604 817 604 818 604 820 604 843 594 914 607 915 607 917 607 950 596 972 607 974 607 975 607 1164 601 1166 601 1167 601 1219 577 1359 583 1360 583 1362 583 1385 571 1529 568 1558 577 1560 577 1561 577 1563 577 1564 577 1580 567 1641 565 1698 583 1699 583 1701 583 1782 581 1782 535 1779 494 1749 482 1747 482 1746 482 1653 492 1589 488 1587 488 1586 488 1555 498 1542 503 1531 500 1507 492 1506 492 1504 492 1503 492 1487 500 1461 491 1459 491 1458 491 1375 494 1373 494 1346 504 1285 526 1039 530 1023 523 1022 523 1020 523 968 535 853 529 852 529 850 529 825 539 780 529 779 529 722 543 631 543 590 521 585 519 584 519 583 519 581 519 571 521 535 533 473 533 453 524 446 521 444 521 443 521 344 526 347 588"/></Shape>
	    <String CONTENT="Jegataire aniiral al aux anvir quel arénard au lui"
                    HPOS="344"
                    VPOS="482"
                    WIDTH="1438"
                    HEIGHT="143"
                    WC="0.8934250897169114"></String>
          </TextLine>
          <TextLine ID="eSc_line_ad825fb3"
                    TAGREFS="LT323"
                    BASELINE="434 660 1100 651 1593 632 2311 614" 
                    HPOS="431"
                    VPOS="561"
                    WIDTH="1880"
                    HEIGHT="135">
            <Shape><Polygon POINTS="434 660 436 696 500 673 603 690 622 693 623 693 625 693 635 689 689 668 934 678 969 680 971 680 972 680 981 677 1016 667 1035 676 1042 678 1043 678 1126 681 1128 681 1272 677 1273 677 1289 670 1292 662 1307 662 1311 662 1333 655 1360 661 1362 661 1580 648 1615 655 1618 655 1619 655 1621 655 1622 655 1637 646 1734 651 1765 652 1798 665 1800 665 1801 665 2076 660 2077 660 2137 638 2144 633 2311 630 2311 614 2307 561 2204 585 1986 588 1910 577 1909 577 1907 577 1887 588 1847 588 1802 575 1773 568 1772 568 1770 568 1769 568 1752 577 1731 587 1679 580 1660 577 1658 577 1657 577 1650 580 1628 591 1577 583 1513 571 1512 571 1195 578 1193 578 1144 596 1107 607 1036 599 1019 597 1017 597 1016 597 1010 600 985 612 943 606 942 606 665 617 645 610 632 606 631 606 580 606 578 606 577 606 549 613 532 617 519 614 475 603 473 603 472 603 471 603 431 616 434 660"/></Shape>
	    <String CONTENT="Je charge mon aais la Constandiere de Prendit uis de tour eque ze donne"
                    HPOS="431"
                    VPOS="561"
                    WIDTH="1880"
                    HEIGHT="135"
                    WC="0.9606261664712933"></String>
          </TextLine>
          <TextLine ID="eSc_line_2274ecf0"
                    TAGREFS="LT323"
                    BASELINE="364 705 459 709" 
                    HPOS="364"
                    VPOS="661"
                    WIDTH="95"
                    HEIGHT="68">
            <Shape><Polygon POINTS="364 705 364 725 388 719 402 724 427 729 428 729 430 729 431 729 457 719 459 709 459 673 428 661 427 661 426 661 364 665 364 705"/></Shape>
	    <String CONTENT="214"
                    HPOS="364"
                    VPOS="661"
                    WIDTH="95"
                    HEIGHT="68"
                    WC="0.9971797466278076"></String>
          </TextLine>
          <TextLine ID="eSc_line_273f4f72"
                    TAGREFS="LT323"
                    BASELINE="1283 664 1433 670" 
                    HPOS="1282"
                    VPOS="642"
                    WIDTH="151"
                    HEIGHT="48">
            <Shape><Polygon POINTS="1312 644 1298 644 1283 645 1283 664 1282 674 1318 687 1320 687 1321 687 1391 680 1394 680 1408 690 1410 690 1411 690 1413 690 1414 690 1432 681 1433 670 1432 648 1314 642 1312 644"/></Shape>
	    <String CONTENT="pular"
                    HPOS="1282"
                    VPOS="642"
                    WIDTH="151"
                    HEIGHT="48"
                    WC="0.9984809994697571"></String>
          </TextLine>
          <TextLine ID="eSc_line_eed9ec9f"
                    TAGREFS="LT323"
                    BASELINE="364 748 1203 731 1285 719 1488 712 2282 694" 
                    HPOS="363"
                    VPOS="636"
                    WIDTH="1919"
                    HEIGHT="133">
            <Shape><Polygon POINTS="1365 668 1357 667 1321 678 1278 670 1276 670 1275 670 1247 681 1184 681 1161 673 1160 673 1158 673 1157 673 1155 673 1154 673 1135 683 1096 676 1033 662 1032 662 946 670 945 670 918 681 904 687 875 683 793 668 792 668 790 668 754 678 652 671 651 671 649 671 616 684 519 674 517 674 516 674 471 696 466 699 363 699 364 748 364 760 410 769 411 769 412 769 450 758 452 758 491 769 492 769 494 769 773 750 808 748 811 750 833 757 834 757 836 757 901 748 943 756 945 756 946 756 982 745 1048 756 1049 756 1334 750 1336 750 1371 735 1376 731 1563 728 1571 729 1608 738 1609 738 1610 738 1642 728 1644 728 1645 728 1704 734 1705 734 1706 734 1736 725 1743 724 1753 725 1836 738 1837 738 1923 737 1925 737 1984 719 1990 718 2018 718 2170 722 2172 722 2281 710 2282 694 2278 636 2221 636 2220 636 2218 636 2214 638 2159 661 2032 662 1991 646 1990 646 1989 646 1987 646 1945 665 1831 667 1784 652 1765 646 1763 646 1762 646 1692 654 1532 651 1531 651 1529 651 1493 662 1445 676 1376 668 1365 668"/></Shape>
	    <String CONTENT="a élezabeste de Pendie éainne de fes lu sants T Desit personne a de Len"
                    HPOS="363"
                    VPOS="636"
                    WIDTH="1919"
                    HEIGHT="133"
                    WC="0.9461062067831066"></String>
          </TextLine>
          <TextLine ID="eSc_line_826821f9"
                    TAGREFS="LT323"
                    BASELINE="360 830 913 809 1243 806 2326 773" 
                    HPOS="357"
                    VPOS="719"
                    WIDTH="1969"
                    HEIGHT="127">
            <Shape><Polygon POINTS="360 830 362 846 658 831 689 835 722 841 724 841 782 833 837 825 911 828 1090 838 1091 838 1311 833 1387 814 1413 808 1433 812 1455 817 1456 817 1488 811 1510 806 1522 809 1571 824 1573 824 1574 824 1644 814 1724 818 1725 818 1727 818 1746 809 1836 817 1837 817 1839 817 1903 798 1925 796 2031 789 2087 792 2211 798 2212 798 2326 783 2326 773 2321 729 2269 719 2268 719 2266 719 2242 731 2231 737 2198 737 2180 732 2138 721 2137 721 2135 721 2134 721 2106 734 2100 738 2063 738 2051 735 1977 725 1975 725 1910 740 1887 745 1839 747 1820 742 1801 737 1800 737 1798 737 1770 742 1736 751 1679 745 1594 737 1593 737 1592 737 1558 748 1532 758 1283 764 1254 757 1225 748 1224 748 1222 748 1221 748 1200 758 1180 769 1106 770 1061 761 1043 758 1042 758 1000 763 926 772 907 766 886 758 885 758 884 758 831 760 830 760 806 769 782 776 756 769 753 769 751 769 750 769 748 769 745 770 729 777 686 772 648 766 647 766 545 769 513 776 447 790 357 780 360 830"/></Shape>
	    <String CONTENT="Regarder Comme le titaur de lapcher de faire aneda fair Sans lui"
                    HPOS="357"
                    VPOS="719"
                    WIDTH="1969"
                    HEIGHT="127"
                    WC="0.9534835815429688"></String>
          </TextLine>
          <TextLine ID="eSc_line_3590d3ae"
                    TAGREFS="LT323"
                    BASELINE="373 911 437 904 683 897 1003 894 1356 911" 
                    HPOS="372"
                    VPOS="831"
                    WIDTH="984"
                    HEIGHT="99">
            <Shape><Polygon POINTS="373 911 372 927 527 929 529 929 530 929 532 929 532 927 549 913 559 920 561 920 562 920 564 920 565 920 597 908 649 915 651 915 652 915 654 915 668 905 676 913 677 913 678 913 680 913 820 908 833 918 833 920 834 920 836 920 837 920 838 920 863 908 894 920 895 920 897 920 898 920 930 905 1029 905 1042 917 1042 918 1043 918 1045 918 1046 918 1128 911 1155 927 1160 929 1161 929 1163 929 1164 929 1173 927 1205 918 1257 927 1283 930 1285 930 1286 930 1295 927 1307 921 1353 926 1356 911 1356 856 1337 849 1336 849 1334 849 1288 853 1286 853 1285 853 1279 857 1264 866 1243 857 1203 843 1202 843 1200 843 1199 843 1198 843 1179 857 1174 862 1167 857 1141 844 1139 844 1138 844 1081 857 993 834 991 834 958 834 956 834 955 834 920 851 865 833 863 833 760 831 758 831 757 831 706 860 700 863 694 860 648 831 647 831 645 831 644 831 622 835 620 835 619 835 591 860 588 862 488 862 487 860 475 853 473 853 472 853 471 853 373 860 373 911"/></Shape>
	    <String CONTENT="le doures Connaissance à; ade ricosed"
                    HPOS="372"
                    VPOS="831"
                    WIDTH="984"
                    HEIGHT="99"
                    WC="0.8792012229159072"></String>
          </TextLine>
          <TextLine ID="eSc_line_ed0d1200"
                    TAGREFS="LT323"
                    BASELINE="1743 881 1840 886" 
                    HPOS="1741"
                    VPOS="841"
                    WIDTH="99"
                    HEIGHT="77">
            <Shape><Polygon POINTS="1743 881 1741 897 1836 918 1840 886 1840 843 1744 841 1743 881"/></Shape>
	    <String CONTENT="27x"
                    HPOS="1741"
                    VPOS="841"
                    WIDTH="99"
                    HEIGHT="77"
                    WC="0.890295684337616"></String>
          </TextLine>
          <TextLine ID="eSc_line_6eaed5e2"
                    TAGREFS="LT323"
                    BASELINE="417 982 1400 968" 
                    HPOS="415"
                    VPOS="908"
                    WIDTH="985"
                    HEIGHT="106">
            <Shape><Polygon POINTS="1389 942 1375 943 1360 943 1359 940 1294 940 1241 908 1240 908 1238 908 1237 908 1174 923 1154 910 1152 910 1151 910 1103 910 1102 910 1100 910 1099 910 1068 929 1055 920 1054 920 1052 920 1051 920 1049 920 1032 924 1016 911 1014 911 1013 911 1011 911 947 913 946 913 945 913 920 929 898 914 897 914 895 914 809 914 808 914 806 914 805 914 769 945 751 934 750 934 748 934 747 934 745 934 745 936 731 949 604 950 552 930 551 930 549 930 548 930 494 952 455 952 440 940 439 940 437 940 436 940 434 940 433 940 415 950 417 982 417 1014 440 1014 440 1013 442 1013 443 1013 465 995 494 1001 495 1001 497 1001 514 993 574 998 575 998 740 990 776 998 777 998 779 998 822 994 837 1004 838 1004 840 1004 841 1004 843 1004 844 1004 844 1003 860 988 873 997 875 997 876 997 878 997 920 993 933 1003 934 1003 936 1003 937 1003 939 1003 940 1003 966 987 993 997 994 997 995 997 997 997 998 997 1013 985 1051 985 1078 987 1099 1003 1100 1003 1102 1003 1103 1003 1184 990 1251 1001 1256 1001 1257 1001 1400 998 1400 968 1395 942 1389 942"/></Shape>
	    <String CONTENT="uae Ctaure de Riqeme Podr. La"
                    HPOS="415"
                    VPOS="908"
                    WIDTH="985"
                    HEIGHT="106"
                    WC="0.9784998092158087"></String>
          </TextLine>
          <TextLine ID="eSc_line_5a095bc5"
                    TAGREFS="LT323"
                    BASELINE="1350 943 1464 939" 
                    HPOS="1349"
                    VPOS="897"
                    WIDTH="115"
                    HEIGHT="68">
            <Shape><Polygon POINTS="1350 943 1350 958 1403 965 1404 965 1405 965 1407 965 1427 950 1430 947 1464 946 1464 939 1461 898 1417 897 1416 897 1414 897 1413 897 1413 898 1403 908 1395 915 1349 917 1350 943"/></Shape>
	    <String CONTENT="cune"
                    HPOS="1349"
                    VPOS="897"
                    WIDTH="115"
                    HEIGHT="68"
                    WC="0.999379426240921"></String>
          </TextLine>
          <TextLine ID="eSc_line_9d594a86"
                    TAGREFS="LT323"
                    BASELINE="1426 966 2305 959" 
                    HPOS="1426"
                    VPOS="898"
                    WIDTH="879"
                    HEIGHT="97">
            <Shape><Polygon POINTS="1453 940 1440 940 1426 966 1426 981 1536 995 1538 995 1539 995 1541 995 1541 994 1555 981 1555 979 1605 979 1642 979 1644 981 1658 993 1658 994 1660 994 1661 994 1663 994 1664 994 1666 994 1686 981 1711 994 1712 994 1714 994 1715 994 1737 987 1775 994 1776 994 1840 985 1849 993 1850 993 1852 993 1853 994 1911 994 1911 993 1913 993 1945 979 1948 978 1951 979 1981 991 1983 991 1984 991 1986 991 1987 991 2006 979 2009 977 2015 978 2039 987 2041 987 2042 987 2044 987 2045 987 2055 978 2058 977 2080 978 2167 987 2169 987 2170 987 2172 987 2172 985 2180 978 2304 978 2305 959 2304 917 2259 902 2257 902 2256 902 2208 910 2179 898 2178 898 2176 898 2175 898 2173 898 2148 914 2114 902 2112 902 2111 902 2109 902 2086 913 2042 898 2041 898 2039 898 2038 898 2036 898 2036 899 2023 911 1968 905 1967 905 1907 910 1906 910 1904 910 1894 918 1850 910 1849 910 1797 918 1778 908 1776 908 1775 908 1773 908 1772 908 1756 920 1706 904 1705 904 1704 904 1702 904 1657 917 1602 901 1600 901 1599 901 1501 904 1500 904 1499 904 1472 921 1472 923 1455 923 1453 940"/></Shape>
	    <String CONTENT="Eligatett est qruelle Sera teuir"
                    HPOS="1426"
                    VPOS="898"
                    WIDTH="879"
                    HEIGHT="97"
                    WC="0.9775270279496908"></String>
          </TextLine>
          <TextLine ID="eSc_line_c3fc4261"
                    TAGREFS="LT323"
                    BASELINE="383 1067 564 1059 1184 1058 1253 1051 1532 1046 2096 1049 2349 1042" 
                    HPOS="382"
                    VPOS="984"
                    WIDTH="1967"
                    HEIGHT="104">
            <Shape><Polygon POINTS="383 1067 383 1088 623 1071 651 1081 652 1081 654 1081 772 1070 937 1077 939 1077 1071 1071 1110 1081 1129 1086 1131 1086 1132 1087 1214 1087 1214 1086 1215 1086 1234 1080 1270 1065 1315 1065 1452 1065 1483 1074 1484 1074 1485 1074 1612 1065 1647 1074 1680 1083 1682 1083 1683 1083 1734 1072 1750 1070 1759 1072 1788 1083 1789 1083 1791 1083 2023 1081 2025 1081 2055 1068 2060 1067 2076 1068 2189 1081 2191 1081 2348 1064 2349 1042 2345 995 2275 1011 2256 1004 2255 1004 2253 1004 2252 1004 2233 1014 2079 1014 2036 998 1994 984 1993 984 1991 984 1910 985 1909 985 1872 1000 1858 1006 1845 1000 1814 988 1813 988 1541 987 1539 987 1538 987 1496 1004 1471 1016 1266 1017 1234 1007 1202 997 1200 997 1199 997 1110 1008 1096 1010 1087 1008 997 990 882 990 881 990 879 990 844 1003 788 990 786 990 785 990 708 1013 681 1022 508 1022 497 1016 484 1010 482 1010 481 1010 382 1016 383 1067"/></Shape>
	    <String CONTENT="Dlauter Mis désciers setontr sous pemer d&#x27;être Ejoré ajrdre ce que se"
                    HPOS="382"
                    VPOS="984"
                    WIDTH="1967"
                    HEIGHT="104"
                    WC="0.9285131304160409"></String>
          </TextLine>
          <TextLine ID="eSc_line_2a28fa0f"
                    TAGREFS="LT323"
                    BASELINE="401 1132 1035 1123 1583 1123 1884 1132 2340 1123" 
                    HPOS="399"
                    VPOS="1061"
                    WIDTH="1941"
                    HEIGHT="103">
            <Shape><Polygon POINTS="401 1132 401 1144 670 1142 674 1144 700 1152 702 1152 703 1152 705 1152 726 1142 729 1142 742 1142 818 1150 820 1150 913 1142 934 1141 939 1142 991 1163 993 1163 994 1164 1033 1164 1033 1163 1080 1152 1105 1161 1106 1161 1107 1163 1205 1163 1205 1161 1206 1161 1256 1141 1263 1138 1384 1138 1387 1139 1419 1152 1420 1152 1421 1152 1423 1152 1453 1139 1459 1138 1472 1139 1510 1145 1512 1145 1547 1139 1563 1136 1577 1139 1626 1150 1628 1150 1629 1150 1660 1141 1875 1157 1877 1157 2048 1155 2050 1155 2071 1147 2273 1151 2275 1151 2339 1135 2340 1123 2337 1083 2266 1081 2214 1064 2212 1064 2211 1064 2210 1064 2148 1083 2148 1084 2015 1084 1990 1074 1989 1074 1987 1074 1936 1086 1907 1086 1814 1086 1813 1086 1760 1070 1759 1070 1757 1070 1701 1078 1644 1062 1642 1062 1641 1062 1640 1062 1581 1084 1531 1062 1529 1062 1459 1061 1458 1061 1389 1062 1388 1062 1328 1090 1263 1090 1219 1090 1195 1083 1193 1083 1192 1083 1190 1083 1170 1090 1094 1064 1093 1064 1091 1064 1016 1075 955 1065 953 1065 952 1065 913 1081 872 1065 870 1065 869 1065 610 1067 520 1068 399 1096 401 1132"/></Shape>
	    <String CONTENT="hui laire du deu assis l&#x27;asnitie Savoir quille la pouraa pour emarier deur"
                    HPOS="399"
                    VPOS="1061"
                    WIDTH="1941"
                    HEIGHT="103"
                    WC="0.9494840873254312"></String>
          </TextLine>
          <TextLine ID="eSc_line_b0b3bfa5"
                    TAGREFS="LT323"
                    BASELINE="401 1218 677 1208 1484 1209 2349 1195" 
                    HPOS="399"
                    VPOS="1139"
                    WIDTH="1950"
                    HEIGHT="96">
            <Shape><Polygon POINTS="401 1218 401 1228 498 1227 501 1228 519 1235 520 1235 521 1235 523 1235 545 1227 548 1227 555 1227 599 1234 600 1234 601 1234 623 1227 629 1224 908 1222 930 1224 1071 1234 1073 1234 1074 1234 1102 1222 1144 1221 1195 1219 1205 1221 1276 1232 1278 1232 1443 1222 1587 1227 1589 1227 1701 1215 1708 1215 1712 1215 1786 1228 1788 1229 1909 1229 1909 1228 2134 1219 2178 1225 2179 1225 2348 1208 2349 1195 2348 1163 2313 1148 2311 1148 2310 1148 2226 1164 2207 1167 2196 1164 2131 1139 2130 1139 2128 1139 2127 1139 2058 1166 2057 1166 2052 1166 2003 1160 2002 1160 1971 1167 1961 1168 1954 1167 1897 1148 1895 1148 1894 1148 1893 1148 1845 1161 1798 1157 1797 1157 1753 1167 1676 1142 1674 1142 1673 1142 1672 1142 1600 1170 1586 1177 1321 1177 1310 1174 1270 1160 1269 1160 1267 1160 1266 1160 1232 1174 1225 1179 1122 1180 1106 1176 1049 1158 1048 1158 995 1157 994 1157 993 1157 963 1168 920 1150 918 1150 917 1150 870 1157 551 1152 549 1152 548 1152 491 1179 399 1183 401 1218"/></Shape>
	    <String CONTENT="Lagrément de la Purtandiere qui si gage aui lui fuunir pocattre aisins"
                    HPOS="399"
                    VPOS="1139"
                    WIDTH="1950"
                    HEIGHT="96"
                    WC="0.9736133434942791"></String>
          </TextLine>
          <TextLine ID="eSc_line_49bb8758"
                    TAGREFS="LT323"
                    BASELINE="1131 1232 1206 1240" 
                    HPOS="1128"
                    VPOS="1209"
                    WIDTH="78"
                    HEIGHT="44">
            <Shape><Polygon POINTS="1161 1209 1147 1209 1132 1209 1131 1232 1128 1248 1203 1253 1206 1240 1206 1213 1173 1209 1161 1209"/></Shape>
	    <String CONTENT="1"
                    HPOS="1128"
                    VPOS="1209"
                    WIDTH="78"
                    HEIGHT="44"
                    WC="0.9998421669006348"></String>
          </TextLine>
          <TextLine ID="eSc_line_bfd6ec62"
                    TAGREFS="LT323"
                    BASELINE="401 1292 1234 1291 2323 1272" 
                    HPOS="399"
                    VPOS="1221"
                    WIDTH="1924"
                    HEIGHT="122">
            <Shape><Polygon POINTS="401 1292 401 1343 463 1341 465 1341 488 1331 511 1340 513 1340 514 1340 516 1340 597 1311 744 1311 772 1318 773 1318 774 1318 776 1318 802 1309 917 1309 979 1328 982 1328 984 1328 1068 1330 1070 1330 1071 1330 1084 1325 1094 1321 1109 1324 1151 1334 1152 1334 1198 1333 1199 1333 1232 1321 1280 1304 1392 1317 1507 1330 1509 1330 1613 1328 1615 1328 1673 1309 1690 1304 1705 1308 1736 1318 1737 1318 1738 1318 1770 1312 1901 1325 1903 1325 1999 1324 2000 1324 2060 1298 2068 1293 2321 1291 2323 1272 2319 1245 2240 1245 2239 1245 2175 1224 2173 1224 2099 1221 2098 1221 1970 1222 1968 1222 1906 1245 1776 1245 1746 1231 1744 1231 1743 1231 1648 1243 1529 1227 1528 1227 1435 1235 1433 1235 1389 1256 1353 1250 1352 1250 1267 1257 1266 1257 1148 1240 1147 1240 1145 1240 1073 1260 898 1261 831 1261 777 1237 776 1237 774 1237 529 1238 527 1238 468 1266 424 1259 423 1259 421 1259 399 1266 401 1292"/></Shape>
	    <String CONTENT="qu&#x27;il yait din tres grand avoutage Sore elle qus la majrette de ses"
                    HPOS="399"
                    VPOS="1221"
                    WIDTH="1924"
                    HEIGHT="122"
                    WC="0.9633278926806663"></String>
          </TextLine>
          <TextLine ID="eSc_line_c2d4a052"
                    TAGREFS="LT323"
                    BASELINE="1254 1243 1301 1244" 
                    HPOS="1253"
                    VPOS="1215"
                    WIDTH="48"
                    HEIGHT="52">
            <Shape><Polygon POINTS="1254 1243 1253 1260 1298 1267 1301 1244 1299 1218 1254 1215 1254 1243"/></Shape>
	    <String CONTENT="24"
                    HPOS="1253"
                    VPOS="1215"
                    WIDTH="48"
                    HEIGHT="52"
                    WC="0.9999743700027466"></String>
          </TextLine>
          <TextLine ID="eSc_line_375a2281"
                    TAGREFS="LT323"
                    BASELINE="402 1378 1680 1378 2305 1352" 
                    HPOS="401"
                    VPOS="1309"
                    WIDTH="1904"
                    HEIGHT="105">
            <Shape><Polygon POINTS="402 1378 402 1392 530 1405 532 1405 607 1391 613 1391 658 1391 705 1391 767 1404 769 1404 770 1404 790 1397 827 1413 828 1413 866 1414 868 1414 994 1413 995 1413 1048 1389 1074 1397 1075 1397 1077 1397 1123 1389 1150 1400 1151 1400 1152 1400 1231 1395 1264 1405 1266 1405 1267 1405 1352 1394 1408 1405 1410 1405 1488 1397 1515 1408 1516 1408 1517 1408 1839 1407 1885 1405 1887 1405 1949 1381 2036 1387 2038 1387 2071 1379 2073 1378 2304 1376 2305 1352 2303 1309 2201 1309 2199 1309 2198 1309 2196 1309 2140 1337 2070 1328 2034 1311 2032 1311 2031 1311 2029 1311 2028 1311 2026 1311 1965 1341 1837 1341 1701 1336 1699 1336 1612 1343 1576 1327 1574 1327 1573 1327 1529 1330 1491 1315 1490 1315 1488 1315 1487 1315 1420 1317 1419 1317 1366 1340 1266 1343 1199 1328 1198 1328 1116 1349 984 1349 915 1321 914 1321 913 1321 911 1321 850 1346 801 1325 799 1325 798 1325 796 1325 732 1343 690 1327 689 1327 687 1327 638 1336 603 1323 601 1323 600 1323 599 1323 585 1323 500 1331 401 1325 402 1378"/></Shape>
	    <String CONTENT="Ca fant Elle leuie donnara La sisitie diige yn lai ci laitie au"
                    HPOS="401"
                    VPOS="1309"
                    WIDTH="1904"
                    HEIGHT="105"
                    WC="0.9580978912020487"></String>
          </TextLine>
          <TextLine ID="eSc_line_bc8ef28e"
                    TAGREFS="LT323"
                    BASELINE="408 1474 702 1459 1672 1453 2346 1429" 
                    HPOS="407"
                    VPOS="1382"
                    WIDTH="1939"
                    HEIGHT="118">
            <Shape><Polygon POINTS="408 1474 411 1500 427 1490 660 1475 702 1484 703 1484 756 1472 873 1487 939 1494 940 1494 942 1494 963 1484 995 1468 1057 1466 1157 1478 1161 1478 1163 1478 1167 1478 1225 1468 1257 1475 1307 1487 1308 1487 1702 1481 1704 1481 1750 1464 1794 1459 1836 1456 1850 1458 1888 1465 1890 1465 1891 1465 1927 1456 1949 1450 1967 1455 1993 1462 1994 1462 1996 1462 2084 1453 2112 1462 2114 1462 2115 1462 2208 1448 2224 1445 2345 1443 2346 1429 2342 1400 2295 1405 2273 1401 2202 1382 2201 1382 2199 1382 2028 1385 2026 1385 1964 1407 1945 1414 1839 1414 1824 1410 1770 1397 1706 1395 1705 1395 1704 1395 1673 1410 1622 1404 1621 1404 1619 1404 1593 1414 1583 1420 1551 1420 1538 1416 1461 1397 1459 1397 1458 1397 1411 1418 1404 1423 1296 1424 1251 1421 1099 1411 1097 1411 1048 1423 1006 1407 1004 1407 1003 1407 1001 1407 956 1423 915 1405 914 1405 913 1405 911 1405 868 1418 814 1408 812 1408 583 1411 581 1411 527 1437 526 1439 407 1439 408 1474"/></Shape>
	    <String CONTENT="La Vallen sesmêne objett en argiit ele, Elle lepre serd. Ete"
                    HPOS="407"
                    VPOS="1382"
                    WIDTH="1939"
                    HEIGHT="118"
                    WC="0.964138392607371"></String>
          </TextLine>
          <TextLine ID="eSc_line_099cc86f"
                    TAGREFS="LT323"
                    BASELINE="1763 1478 1779 1480" 
                    HPOS="1762"
                    VPOS="1450"
                    WIDTH="17"
                    HEIGHT="41">
            <Shape><Polygon POINTS="1763 1478 1762 1491 1778 1491 1779 1480 1779 1452 1763 1450 1763 1478"/></Shape>
	    <String CONTENT="4"
                    HPOS="1762"
                    VPOS="1450"
                    WIDTH="17"
                    HEIGHT="41"
                    WC="0.9999575614929199"></String>
          </TextLine>
          <TextLine ID="eSc_line_579a51de"
                    TAGREFS="LT323"
                    BASELINE="418 1546 1151 1533 1744 1542 2164 1529 2349 1510" 
                    HPOS="417"
                    VPOS="1458"
                    WIDTH="1932"
                    HEIGHT="119">
            <Shape><Polygon POINTS="418 1546 418 1555 439 1565 440 1565 442 1565 555 1558 642 1570 644 1570 645 1570 692 1555 806 1555 860 1570 862 1570 962 1577 963 1577 965 1577 1025 1549 1103 1549 1125 1558 1126 1558 1128 1558 1176 1546 1286 1546 1395 1574 1397 1574 1398 1576 1485 1576 1485 1574 1487 1574 1501 1567 1606 1573 1608 1573 1801 1570 1925 1544 1990 1558 1991 1558 1993 1558 2019 1549 2042 1558 2044 1558 2045 1558 2047 1558 2082 1545 2167 1558 2169 1558 2170 1558 2211 1538 2349 1532 2349 1510 2345 1458 2239 1459 2237 1459 2153 1500 2082 1501 1587 1506 1499 1480 1497 1480 1496 1480 1421 1481 1420 1481 1365 1497 1285 1471 1282 1471 1280 1471 1279 1471 1278 1471 1275 1471 1244 1480 1174 1472 1163 1472 1161 1472 1160 1472 1157 1474 1058 1510 849 1477 840 1477 838 1477 700 1478 699 1478 693 1480 623 1501 548 1481 539 1480 537 1480 536 1480 417 1482 418 1546"/></Shape>
	    <String CONTENT="naira auaeus vindamintd a leunt dornnie qu&#x27;elle e pourrar famai Jendre"
                    HPOS="417"
                    VPOS="1458"
                    WIDTH="1932"
                    HEIGHT="119"
                    WC="0.9347358341727938"></String>
          </TextLine>
          <TextLine ID="eSc_line_30f0fba7"
                    TAGREFS="LT323"
                    BASELINE="418 1639 726 1623 1925 1628 2276 1609" 
                    HPOS="417"
                    VPOS="1560"
                    WIDTH="1859"
                    HEIGHT="97">
            <Shape><Polygon POINTS="418 1639 418 1657 584 1641 900 1653 988 1655 990 1655 1019 1651 1091 1638 1202 1638 1222 1647 1224 1647 1225 1647 1336 1638 1360 1647 1381 1654 1382 1654 1384 1655 1469 1655 1469 1654 1526 1645 1642 1653 1644 1653 1688 1642 1689 1642 1690 1642 1747 1653 1749 1653 1750 1653 1791 1641 1792 1641 1802 1641 2084 1651 2086 1651 2163 1637 2215 1642 2217 1642 2275 1634 2276 1609 2272 1560 2070 1574 2032 1567 2031 1567 1923 1587 1782 1587 1759 1577 1757 1577 1756 1577 1679 1586 1650 1574 1648 1574 1647 1574 1469 1586 1389 1562 1388 1562 1323 1562 1321 1562 1320 1562 1318 1562 1263 1589 1168 1589 1126 1573 1125 1573 1123 1573 1122 1573 1087 1589 1001 1574 1000 1574 998 1574 968 1587 950 1580 949 1580 947 1580 878 1589 814 1567 812 1567 811 1567 731 1577 628 1565 623 1565 622 1565 417 1565 418 1639"/></Shape>
	    <String CONTENT="la Propaité ceque se lui, laisie, amoins que la soustandicre tantorice"
                    HPOS="417"
                    VPOS="1560"
                    WIDTH="1859"
                    HEIGHT="97"
                    WC="0.9690893011433738"></String>
          </TextLine>
          <TextLine ID="eSc_line_7c6bf9c8"
                    TAGREFS="LT323"
                    BASELINE="423 1718 921 1705 1910 1718 2340 1693" 
                    HPOS="421"
                    VPOS="1650"
                    WIDTH="1919"
                    HEIGHT="99">
            <Shape><Polygon POINTS="423 1718 423 1725 567 1733 568 1733 690 1725 719 1724 748 1725 822 1728 889 1749 891 1749 892 1749 894 1749 920 1737 993 1747 994 1747 1096 1746 1097 1746 1115 1738 1158 1743 1160 1743 1161 1743 1232 1722 1237 1721 1417 1721 1424 1722 1515 1746 1516 1746 1517 1746 1605 1743 1606 1743 1658 1730 1871 1746 1872 1746 2090 1744 2092 1744 2172 1719 2173 1719 2175 1719 2223 1728 2224 1728 2339 1718 2340 1693 2336 1664 2268 1673 2230 1664 2166 1650 2012 1650 2010 1650 1936 1667 1916 1671 1895 1667 1875 1663 1874 1663 1872 1663 1856 1667 1834 1676 1616 1676 1593 1670 1507 1651 1440 1651 1439 1651 1437 1651 1379 1671 1365 1676 1336 1671 1251 1660 1250 1660 1248 1660 1219 1673 1215 1676 1158 1676 1150 1673 1093 1654 1091 1654 1090 1654 1033 1664 942 1653 940 1653 939 1653 875 1676 869 1679 836 1679 830 1676 767 1654 766 1654 657 1654 655 1654 654 1654 578 1677 510 1669 508 1669 421 1679 423 1718"/></Shape>
	    <String CONTENT="a le faire le eun Caitant toute foir un Diigtoit eu ume autre Ban au"
                    HPOS="421"
                    VPOS="1650"
                    WIDTH="1919"
                    HEIGHT="99"
                    WC="0.9657929294249591"></String>
          </TextLine>
          <TextLine ID="eSc_line_31a09a33"
                    TAGREFS="LT323"
                    BASELINE="410 1765 529 1766" 
                    HPOS="408"
                    VPOS="1733"
                    WIDTH="121"
                    HEIGHT="49">
            <Shape><Polygon POINTS="410 1765 408 1781 526 1782 529 1766 529 1741 517 1733 516 1733 514 1733 513 1733 460 1743 459 1743 457 1743 428 1733 427 1733 426 1733 424 1733 423 1733 410 1740 410 1765"/></Shape>
	    <String CONTENT="A2"
                    HPOS="408"
                    VPOS="1733"
                    WIDTH="121"
                    HEIGHT="49"
                    WC="0.9999994039535522"></String>
          </TextLine>
          <TextLine ID="eSc_line_d192ebfa"
                    TAGREFS="LT323"
                    BASELINE="421 1802 1049 1791 1868 1797 2141 1786 2372 1759" 
                    HPOS="420"
                    VPOS="1724"
                    WIDTH="1952"
                    HEIGHT="118">
            <Shape><Polygon POINTS="421 1802 421 1842 520 1842 521 1842 523 1842 588 1811 818 1811 878 1823 879 1823 881 1823 918 1812 1009 1826 1010 1826 1064 1823 1077 1827 1102 1836 1103 1836 1105 1836 1304 1834 1359 1833 1360 1833 1400 1818 1420 1811 1471 1817 1570 1827 1571 1827 1573 1827 1603 1812 1616 1807 1635 1812 1642 1814 1644 1814 1645 1814 1669 1811 1693 1808 1708 1810 1772 1821 1773 1821 1775 1821 1797 1814 1823 1824 1824 1824 1826 1824 1929 1804 1964 1798 1990 1802 2058 1817 2060 1817 2061 1817 2099 1802 2122 1811 2124 1811 2125 1811 2372 1792 2372 1759 2368 1724 2218 1725 2217 1725 2212 1727 2154 1747 2083 1731 2082 1731 2080 1731 1997 1751 1891 1746 1890 1746 1888 1746 1868 1753 1795 1737 1794 1737 1792 1737 1791 1737 1734 1756 1654 1756 1621 1740 1608 1735 1606 1735 1605 1735 1551 1743 1531 1744 1523 1743 1493 1733 1491 1733 1490 1733 1432 1735 1430 1735 1405 1746 1376 1757 1296 1749 1225 1740 1224 1740 1177 1750 1136 1760 978 1756 933 1754 888 1738 886 1738 885 1738 761 1740 760 1740 742 1747 705 1744 703 1744 702 1744 657 1763 651 1766 420 1767 421 1802"/></Shape>
	    <String CONTENT="moins aussi Darequet que alce que je lui Vaitse Sisla preme Clizabethrant"
                    HPOS="420"
                    VPOS="1724"
                    WIDTH="1952"
                    HEIGHT="118"
                    WC="0.9351521069056368"></String>
          </TextLine>
          <TextLine ID="eSc_line_901df952"
                    TAGREFS="LT323"
                    BASELINE="424 1882 664 1874 950 1874 2026 1887 2336 1862" 
                    HPOS="424"
                    VPOS="1812"
                    WIDTH="1912"
                    HEIGHT="96">
            <Shape><Polygon POINTS="424 1882 424 1891 613 1890 623 1891 660 1901 661 1901 663 1901 664 1901 700 1891 705 1891 710 1891 792 1903 793 1903 795 1903 821 1891 825 1890 859 1890 873 1891 962 1904 963 1904 1048 1892 1084 1906 1086 1906 1087 1907 1186 1907 1186 1906 1187 1906 1240 1891 1250 1887 1302 1887 1346 1891 1446 1900 1448 1900 1558 1892 1644 1907 1645 1907 1647 1907 1680 1894 1826 1907 2063 1908 2064 1908 2167 1890 2169 1890 2201 1898 2202 1898 2204 1898 2205 1898 2230 1890 2335 1890 2336 1862 2333 1824 2175 1833 2173 1833 2135 1850 1875 1850 1849 1836 1847 1836 1846 1836 1845 1836 1817 1849 1768 1849 1672 1828 1670 1828 1669 1828 1599 1834 1571 1828 1512 1815 1394 1814 1392 1814 1391 1814 1343 1830 1328 1834 1311 1830 1299 1828 1298 1828 1286 1830 1243 1840 1187 1833 1186 1833 1184 1833 1151 1847 1110 1847 1078 1831 1064 1826 1062 1826 1061 1826 1020 1833 966 1842 940 1833 882 1812 881 1812 571 1812 569 1812 568 1812 497 1836 491 1837 424 1837 424 1882"/></Shape>
	    <String CONTENT="arourir ainsi que tout Ses an Cont son Bu Seord ainsie dispoye La moites."
                    HPOS="424"
                    VPOS="1812"
                    WIDTH="1912"
                    HEIGHT="96"
                    WC="0.9576849843541236"></String>
          </TextLine>
          <TextLine ID="eSc_line_98c3e5ea"
                    TAGREFS="LT323"
                    BASELINE="428 1961 581 1954 1100 1954 1917 1970 2079 1964 2332 1942" 
                    HPOS="427"
                    VPOS="1894"
                    WIDTH="1905"
                    HEIGHT="102">
            <Shape><Polygon POINTS="428 1961 427 1970 457 1980 459 1980 460 1980 519 1968 546 1964 668 1968 764 1972 766 1972 849 1970 907 1967 914 1970 956 1987 958 1987 1218 1990 1219 1990 1221 1990 1264 1971 1349 1975 1350 1975 1391 1970 1411 1967 1430 1970 1523 1987 1525 1987 1657 1981 1696 1993 1698 1993 1699 1993 1754 1986 1772 1994 1773 1994 1775 1996 1954 1996 1954 1994 1955 1994 1991 1980 2087 1986 2089 1986 2191 1971 2330 1971 2332 1942 2330 1901 2172 1901 2170 1901 2169 1901 2167 1901 2106 1929 2045 1920 2044 1920 1952 1927 1929 1919 1927 1919 1926 1919 1925 1919 1901 1927 1686 1927 1618 1906 1596 1898 1594 1898 1496 1897 1410 1897 1408 1897 1407 1897 1385 1906 1360 1917 1327 1913 1326 1913 1324 1913 1298 1924 1131 1924 1081 1910 1080 1910 943 1910 943 1908 917 1895 915 1895 914 1895 913 1895 895 1901 878 1894 876 1894 875 1894 744 1908 694 1894 693 1894 692 1894 690 1894 638 1911 609 1920 505 1919 491 1911 478 1907 476 1907 475 1907 428 1911 428 1961"/></Shape>
	    <String CONTENT="Retourmore à la paurtandiere oil ales au Cant l&#x27;autre moittis e faird du Dient"
                    HPOS="427"
                    VPOS="1894"
                    WIDTH="1905"
                    HEIGHT="102"
                    WC="0.9600951205461453"></String>
          </TextLine>
          <TextLine ID="eSc_line_454e95ef"
                    TAGREFS="LT323"
                    BASELINE="427 2032 1010 2032 2012 2057 2323 2026" 
                    HPOS="426"
                    VPOS="1971"
                    WIDTH="1897"
                    HEIGHT="112">
            <Shape><Polygon POINTS="427 2032 426 2039 564 2055 565 2055 620 2044 649 2049 651 2049 732 2042 747 2042 757 2044 824 2052 825 2052 905 2045 918 2044 924 2045 1016 2071 1017 2071 1083 2073 1084 2074 1183 2074 1183 2073 1184 2073 1240 2052 1305 2057 1307 2057 1352 2048 1357 2048 1366 2048 1464 2061 1465 2061 1565 2061 1602 2077 1603 2077 1714 2079 1715 2079 1717 2079 1738 2071 1770 2080 1772 2080 1911 2081 1913 2083 2050 2083 2050 2081 2051 2081 2096 2061 2124 2067 2125 2067 2127 2067 2154 2057 2320 2057 2323 2026 2321 1990 2246 1990 2244 1990 2243 1990 2195 2006 2146 1990 2144 1990 2143 1990 2141 1990 2048 2015 1858 2013 1836 2004 1834 2004 1833 2004 1775 2012 1706 1986 1705 1986 1542 1981 1497 1981 1446 1981 1421 1981 1420 1981 1419 1981 1331 2007 1272 2007 1248 1996 1247 1996 1246 1996 1184 2004 1148 1990 1147 1990 1145 1990 1144 1990 1096 2004 1041 1978 1039 1978 1038 1978 1036 1978 1000 1987 915 1975 913 1975 863 1975 853 1975 852 1975 850 1975 817 1990 790 1981 789 1981 788 1981 786 1981 758 1993 742 1987 741 1987 740 1987 683 2000 574 2000 491 1971 489 1971 427 1971 427 2032"/></Shape>
	    <String CONTENT="Aa parente dElzatete geprè la pourt audure a qui Jn Disannande Clixa biste"
                    HPOS="426"
                    VPOS="1971"
                    WIDTH="1897"
                    HEIGHT="112"
                    WC="0.9105244085595414"></String>
          </TextLine>
          <TextLine ID="eSc_line_3884af74"
                    TAGREFS="LT323"
                    BASELINE="581 1996 641 1997" 
                    HPOS="580"
                    VPOS="1959"
                    WIDTH="61"
                    HEIGHT="56">
            <Shape><Polygon POINTS="581 1996 580 2012 638 2015 641 1997 639 1974 581 1959 581 1996"/></Shape>
	    <String CONTENT="dn"
                    HPOS="580"
                    VPOS="1959"
                    WIDTH="61"
                    HEIGHT="56"
                    WC="0.9922543466091156"></String>
          </TextLine>
          <TextLine ID="eSc_line_a3e72fc9"
                    TAGREFS="LT323"
                    BASELINE="459 2121 596 2109 913 2109 1413 2134 1891 2147 2074 2143 2201 2122" 
                    HPOS="457"
                    VPOS="2054"
                    WIDTH="1744"
                    HEIGHT="135">
            <Shape><Polygon POINTS="459 2121 457 2141 504 2153 505 2153 507 2153 540 2143 578 2131 601 2137 603 2137 604 2137 606 2137 633 2127 947 2131 1011 2147 1045 2154 1046 2154 1048 2154 1074 2147 1083 2145 1090 2147 1116 2157 1118 2157 1119 2157 1184 2156 1232 2169 1234 2169 1235 2169 1237 2169 1264 2159 1440 2175 1442 2175 1443 2175 1522 2151 1529 2150 1535 2151 1557 2161 1558 2161 1560 2161 1609 2153 1626 2150 1651 2153 1685 2157 1721 2177 1722 2177 1724 2177 1810 2164 1853 2164 1891 2183 1893 2183 2064 2188 2066 2189 2103 2189 2103 2188 2105 2188 2167 2159 2199 2159 2201 2122 2196 2089 2138 2092 2137 2092 2100 2109 2070 2109 2034 2092 2032 2092 2031 2092 1974 2097 1941 2087 1939 2087 1938 2087 1858 2097 1821 2084 1804 2079 1802 2079 1801 2079 1800 2079 1779 2084 1749 2093 1695 2086 1693 2086 1692 2086 1658 2099 1485 2089 1484 2089 1483 2089 1465 2095 1443 2087 1442 2087 1440 2087 1304 2092 1267 2092 1237 2080 1196 2065 1195 2065 1193 2065 1192 2065 1148 2079 1122 2087 1096 2079 1048 2063 1046 2063 1045 2063 860 2070 815 2057 814 2057 680 2054 622 2054 620 2054 619 2054 559 2074 553 2076 459 2074 459 2121"/></Shape>
	    <String CONTENT="Le lui donnèn Copé du van deviey Loloutes à fui qu&#x27;elle à lesjgaur"
                    HPOS="457"
                    VPOS="2054"
                    WIDTH="1744"
                    HEIGHT="135"
                    WC="0.9442604649247546"></String>
          </TextLine>
          <TextLine ID="eSc_line_66278a04"
                    TAGREFS="LT323"
                    BASELINE="1423 2080 1485 2083" 
                    HPOS="1421"
                    VPOS="2044"
                    WIDTH="64"
                    HEIGHT="56">
            <Shape><Polygon POINTS="1424 2044 1423 2080 1421 2100 1484 2100 1485 2083 1485 2052 1437 2044 1424 2044"/></Shape>
	    <String CONTENT="die"
                    HPOS="1421"
                    VPOS="2044"
                    WIDTH="64"
                    HEIGHT="56"
                    WC="0.9988707900047302"></String>
          </TextLine>
          <TextLine ID="eSc_line_379c501c"
                    TAGREFS="LT323"
                    BASELINE="2276 2097 2313 2097" 
                    HPOS="2276"
                    VPOS="2054"
                    WIDTH="37"
                    HEIGHT="65">
            <Shape><Polygon POINTS="2276 2097 2276 2119 2313 2111 2313 2097 2311 2054 2276 2054 2276 2097"/></Shape>
	    <String CONTENT="8"
                    HPOS="2276"
                    VPOS="2054"
                    WIDTH="37"
                    HEIGHT="65"
                    WC="0.9999418258666992"></String>
          </TextLine>
          <TextLine ID="eSc_line_c3449e55"
                    TAGREFS="LT323"
                    BASELINE="459 2192 1027 2188 1231 2196 1407 2215" 
                    HPOS="457"
                    VPOS="2129"
                    WIDTH="950"
                    HEIGHT="95">
            <Shape><Polygon POINTS="459 2192 457 2199 481 2209 482 2209 484 2209 485 2209 487 2209 498 2201 500 2201 737 2201 745 2207 764 2220 766 2220 767 2220 769 2220 770 2220 798 2208 806 2205 820 2208 860 2220 862 2220 863 2220 865 2220 866 2220 878 2209 886 2204 931 2211 987 2221 988 2222 1058 2222 1058 2221 1059 2221 1061 2221 1068 2215 1080 2205 1112 2205 1179 2215 1180 2215 1218 2211 1228 2218 1231 2221 1231 2222 1232 2222 1234 2222 1235 2224 1405 2224 1407 2215 1407 2163 1368 2153 1366 2153 1365 2153 1363 2153 1362 2153 1352 2161 1275 2154 1273 2154 1272 2154 1246 2161 1243 2161 1235 2161 1203 2159 1189 2144 1189 2143 1187 2143 1186 2143 1184 2143 1183 2143 1158 2156 1145 2145 1144 2145 1142 2145 1075 2141 1074 2141 1073 2141 1071 2141 1054 2153 1009 2148 972 2131 971 2131 969 2131 968 2131 966 2131 936 2156 918 2150 917 2150 915 2150 914 2150 913 2150 902 2160 897 2160 868 2160 868 2159 827 2131 825 2131 824 2131 748 2129 631 2129 629 2129 628 2129 626 2129 584 2157 583 2157 498 2145 497 2145 495 2145 459 2156 459 2192"/></Shape>
	    <String CONTENT="le de Prendre Sout de sai intail"
                    HPOS="457"
                    VPOS="2129"
                    WIDTH="950"
                    HEIGHT="95"
                    WC="0.9645150434225798"></String>
          </TextLine>
          <TextLine ID="eSc_line_08b5c9db"
                    TAGREFS="LT323"
                    BASELINE="1600 2173 1619 2175" 
                    HPOS="1597"
                    VPOS="2140"
                    WIDTH="22"
                    HEIGHT="59">
            <Shape><Polygon POINTS="1600 2173 1597 2198 1615 2199 1619 2175 1618 2140 1600 2141 1600 2173"/></Shape>
	    <String CONTENT="1"
                    HPOS="1597"
                    VPOS="2140"
                    WIDTH="22"
                    HEIGHT="59"
                    WC="0.9996548891067505"></String>
          </TextLine>
          <TextLine ID="eSc_line_4109e581"
                    TAGREFS="LT323"
                    BASELINE="1760 2195 1858 2209 2013 2217" 
                    HPOS="1757"
                    VPOS="2154"
                    WIDTH="256"
                    HEIGHT="89">
            <Shape><Polygon POINTS="1757 2221 1955 2243 1957 2243 2010 2238 2013 2217 2013 2186 1939 2167 1938 2167 1936 2167 1935 2167 1926 2175 1920 2179 1866 2179 1845 2164 1839 2160 1837 2160 1836 2160 1834 2160 1824 2161 1798 2167 1765 2154 1760 2195 1757 2221"/></Shape>
	    <String CONTENT="324ad"
                    HPOS="1757"
                    VPOS="2154"
                    WIDTH="256"
                    HEIGHT="89"
                    WC="0.8004464209079742"></String>
          </TextLine>
          <TextLine ID="eSc_line_4cf0122a"
                    TAGREFS="LT323"
                    BASELINE="434 2272 645 2263 1090 2266 1881 2298 2083 2297 2250 2278 2359 2272" 
                    HPOS="433"
                    VPOS="2191"
                    WIDTH="1926"
                    HEIGHT="138">
            <Shape><Polygon POINTS="638 2192 623 2192 609 2192 594 2192 580 2192 567 2192 543 2193 542 2193 492 2215 491 2215 434 2215 434 2272 433 2295 597 2298 599 2298 600 2298 603 2297 654 2276 761 2285 763 2285 820 2278 926 2292 927 2292 975 2285 1067 2298 1068 2298 1116 2292 1134 2300 1135 2300 1136 2300 1138 2300 1192 2286 1286 2286 1317 2300 1318 2300 1421 2301 1427 2304 1472 2317 1474 2317 1475 2317 1538 2313 1638 2321 1640 2321 1641 2321 1690 2307 1759 2324 1760 2324 1762 2324 1858 2308 1891 2320 1893 2320 1894 2320 2018 2316 2073 2327 2074 2327 2076 2327 2114 2314 2166 2318 2167 2318 2169 2318 2191 2310 2192 2308 2195 2310 2239 2329 2240 2329 2242 2329 2243 2329 2285 2310 2287 2310 2356 2310 2359 2272 2358 2228 2243 2225 2242 2225 2240 2225 2236 2227 2192 2243 2153 2233 2151 2233 2150 2233 2148 2233 2109 2243 2063 2234 2061 2234 2060 2234 2019 2249 1975 2249 1945 2234 1943 2234 1942 2234 1872 2244 1817 2224 1794 2215 1792 2215 1791 2215 1789 2215 1766 2224 1722 2240 1557 2240 1458 2225 1456 2225 1344 2233 1310 2221 1298 2217 1296 2217 1150 2201 1081 2199 1080 2199 1078 2199 1035 2215 882 2201 881 2201 879 2201 854 2211 770 2211 735 2195 734 2195 638 2191 638 2192"/></Shape>
	    <String CONTENT="Je done Ce lequé àa d^t Perant moi Amoie l Boi Serviteur foir lépoir"
                    HPOS="433"
                    VPOS="2191"
                    WIDTH="1926"
                    HEIGHT="138"
                    WC="0.9294275229468065"></String>
          </TextLine>
          <TextLine ID="eSc_line_05bb6481"
                    TAGREFS="LT323"
                    BASELINE="440 2343 1014 2346 1858 2375 2080 2372 2303 2358" 
                    HPOS="440"
                    VPOS="2284"
                    WIDTH="1863"
                    HEIGHT="122">
            <Shape><Polygon POINTS="440 2343 442 2355 460 2350 473 2356 505 2371 507 2371 508 2371 510 2371 542 2361 606 2371 607 2371 609 2371 648 2361 721 2375 722 2375 785 2361 801 2358 1036 2359 1091 2365 1219 2378 1221 2378 1326 2375 1368 2390 1369 2390 1558 2396 1560 2397 1594 2397 1594 2396 1596 2396 1632 2381 1718 2391 1720 2391 1721 2391 1750 2380 1775 2390 1776 2390 1778 2390 1845 2388 1868 2400 1869 2400 2007 2404 2009 2406 2052 2406 2052 2404 2054 2404 2105 2384 2156 2397 2157 2397 2159 2397 2160 2397 2195 2385 2301 2385 2303 2358 2298 2316 2106 2340 2058 2326 2057 2326 2055 2326 1954 2337 1897 2310 1895 2310 1894 2310 1893 2310 1829 2336 1786 2336 1680 2333 1635 2318 1634 2318 1632 2318 1631 2318 1583 2330 1439 2329 1366 2317 1336 2302 1323 2297 1321 2297 985 2291 984 2291 982 2291 961 2297 894 2317 795 2316 766 2302 764 2302 763 2302 702 2310 668 2294 648 2284 647 2284 645 2284 596 2292 535 2304 485 2291 462 2285 460 2285 459 2285 457 2285 440 2289 440 2343"/></Shape>
	    <String CONTENT="des Bout Servie qu&#x27;il uà Dueduis que je leatare lui être regituament"
                    HPOS="440"
                    VPOS="2284"
                    WIDTH="1863"
                    HEIGHT="122"
                    WC="0.9568034590167158"></String>
          </TextLine>
          <TextLine ID="eSc_line_939b536e"
                    TAGREFS="LT323"
                    BASELINE="713 2295 751 2298" 
                    HPOS="712"
                    VPOS="2270"
                    WIDTH="39"
                    HEIGHT="46">
            <Shape><Polygon POINTS="713 2295 712 2316 748 2314 751 2298 751 2273 713 2270 713 2295"/></Shape>
	    <String CONTENT="de"
                    HPOS="712"
                    VPOS="2270"
                    WIDTH="39"
                    HEIGHT="46"
                    WC="0.9995961785316467"></String>
          </TextLine>
          <TextLine ID="eSc_line_23b8dba6"
                    TAGREFS="LT323"
                    BASELINE="1698 2324 1717 2324" 
                    HPOS="1698"
                    VPOS="2302"
                    WIDTH="19"
                    HEIGHT="43">
            <Shape><Polygon POINTS="1698 2324 1698 2345 1717 2343 1717 2324 1717 2304 1698 2302 1698 2324"/></Shape>
	    <String CONTENT="5"
                    HPOS="1698"
                    VPOS="2302"
                    WIDTH="19"
                    HEIGHT="43"
                    WC="0.9997661709785461"></String>
          </TextLine>
          <TextLine ID="eSc_line_2f79f6c0"
                    TAGREFS="LT323"
                    BASELINE="456 2425 910 2423 1820 2452 2068 2452 2294 2435" 
                    HPOS="455"
                    VPOS="2366"
                    WIDTH="1839"
                    HEIGHT="114">
            <Shape><Polygon POINTS="456 2425 455 2435 603 2449 604 2449 606 2449 644 2439 658 2435 670 2439 709 2455 710 2455 846 2458 847 2458 849 2458 907 2442 911 2442 923 2443 1054 2458 1055 2458 1123 2446 1141 2443 1150 2446 1193 2464 1195 2464 1196 2464 1198 2464 1234 2451 1340 2462 1342 2462 1408 2451 1417 2449 1429 2451 1532 2471 1711 2474 1712 2474 1714 2474 1749 2459 1818 2471 1820 2471 1957 2468 2021 2480 2022 2480 2119 2462 2121 2462 2291 2464 2294 2435 2292 2403 2210 2393 2208 2393 2207 2393 2178 2400 2122 2416 2066 2416 2018 2397 2003 2393 2002 2393 2000 2393 1999 2393 1984 2397 1955 2406 1930 2396 1914 2390 1913 2390 1836 2385 1603 2382 1602 2382 1600 2382 1581 2390 1549 2404 1433 2400 1405 2387 1378 2377 1376 2377 1375 2377 1324 2385 1318 2387 1311 2385 1266 2375 1264 2375 1263 2375 1241 2385 1212 2398 1152 2398 940 2393 920 2384 918 2384 917 2384 772 2390 734 2377 732 2377 731 2377 726 2377 553 2382 529 2372 513 2366 511 2366 510 2366 456 2371 456 2425"/></Shape>
	    <String CONTENT="dus La Cenques autont que pour qu&#x27;il lui su favir fui end Jon autd de"
                    HPOS="455"
                    VPOS="2366"
                    WIDTH="1839"
                    HEIGHT="114"
                    WC="0.9434150612872579"></String>
          </TextLine>
          <TextLine ID="eSc_line_89ca1415"
                    TAGREFS="LT323"
                    BASELINE="471 2497 822 2500 1957 2528 2134 2519 2343 2491" 
                    HPOS="469"
                    VPOS="2435"
                    WIDTH="1874"
                    HEIGHT="125">
            <Shape><Polygon POINTS="1925 2497 1917 2478 1894 2468 1893 2468 1891 2468 1810 2484 1727 2470 1725 2470 1669 2483 1542 2481 1448 2465 1446 2465 1445 2465 1414 2474 1385 2462 1378 2459 1376 2459 1257 2449 1256 2449 1136 2462 1046 2473 931 2462 615 2435 613 2435 471 2462 471 2497 469 2522 615 2537 616 2537 617 2537 655 2523 694 2512 815 2521 817 2521 873 2512 953 2513 995 2526 1045 2541 1046 2541 1048 2541 1103 2532 1132 2547 1134 2547 1135 2547 1234 2534 1251 2541 1253 2541 1254 2541 1256 2541 1289 2528 1304 2523 1378 2529 1474 2537 1504 2553 1506 2553 1507 2553 1571 2542 1608 2554 1609 2554 1753 2557 1754 2557 1756 2557 1792 2548 1911 2560 1913 2560 2039 2538 2112 2548 2114 2548 2115 2548 2162 2535 2167 2534 2340 2535 2343 2491 2339 2462 2217 2461 2215 2461 2210 2462 2092 2490 2006 2462 1997 2459 1996 2459 1994 2459 1993 2459 1987 2462 1952 2478 1929 2480 1925 2497"/></Shape>
	    <String CONTENT="Liberté Cest un moyen qué je lui d&#x27;aisnes pourquellEyiail jobligaboi, Ce ontre"
                    HPOS="469"
                    VPOS="2435"
                    WIDTH="1874"
                    HEIGHT="125"
                    WC="0.9571399069749392"></String>
          </TextLine>
          <TextLine ID="eSc_line_b8c80ff4"
                    TAGREFS="LT323"
                    BASELINE="892 2454 1022 2465" 
                    HPOS="889"
                    VPOS="2427"
                    WIDTH="133"
                    HEIGHT="57">
            <Shape><Polygon POINTS="892 2454 889 2465 1017 2484 1022 2465 1022 2439 892 2427 892 2454"/></Shape>
	    <String CONTENT="MBATᵃ"
                    HPOS="889"
                    VPOS="2427"
                    WIDTH="133"
                    HEIGHT="57"
                    WC="0.9998878955841064"></String>
          </TextLine>
          <TextLine ID="eSc_line_c30d45f0"
                    TAGREFS="LT323"
                    BASELINE="1922 2496 1935 2496" 
                    HPOS="1922"
                    VPOS="2462"
                    WIDTH="13"
                    HEIGHT="63">
            <Shape><Polygon POINTS="1922 2496 1922 2525 1935 2525 1935 2496 1935 2465 1922 2462 1922 2496"/></Shape>
	    <String CONTENT="5"
                    HPOS="1922"
                    VPOS="2462"
                    WIDTH="13"
                    HEIGHT="63"
                    WC="0.9900566935539246"></String>
          </TextLine>
          <TextLine ID="eSc_line_7f906341"
                    TAGREFS="LT323"
                    BASELINE="471 2569 516 2574 918 2574 1382 2587 1484 2596 1971 2602 2087 2598 2349 2564" 
                    HPOS="469"
                    VPOS="2522"
                    WIDTH="1880"
                    HEIGHT="93">
            <Shape><Polygon POINTS="471 2569 469 2593 561 2593 625 2609 626 2609 628 2609 629 2609 654 2602 692 2612 693 2612 694 2612 844 2593 847 2593 882 2593 1009 2593 1033 2605 1035 2605 1036 2605 1150 2595 1227 2614 1228 2614 1230 2614 1280 2603 1356 2614 1357 2614 1651 2605 1698 2614 1699 2615 1705 2615 1720 2615 1734 2615 1749 2615 1763 2615 1778 2615 1792 2615 1807 2615 1821 2615 1836 2615 1850 2615 1865 2615 1879 2615 1894 2615 1909 2615 1923 2615 1938 2615 1952 2615 1967 2615 1981 2615 1996 2615 2010 2615 2025 2615 2039 2615 2054 2615 2068 2615 2083 2615 2098 2615 2098 2614 2348 2593 2349 2564 2343 2523 2215 2528 2156 2541 2026 2529 2025 2529 1911 2553 1850 2553 1792 2537 1791 2537 1789 2537 1788 2537 1736 2553 1403 2553 1266 2539 1259 2535 1235 2525 1234 2525 1232 2525 1231 2525 1198 2537 1164 2548 1138 2537 1119 2529 1118 2529 1116 2529 1065 2538 1061 2538 1059 2538 1019 2523 1017 2523 933 2522 931 2522 852 2532 821 2522 820 2522 742 2522 741 2522 740 2522 700 2537 639 2523 638 2523 636 2523 606 2537 539 2522 537 2522 536 2522 471 2544 471 2569"/></Shape>
	    <String CONTENT="taut éte Cn cantt davoie prévie hounoré par lui Jutiun Petit Pierre Negitte"
                    HPOS="469"
                    VPOS="2522"
                    WIDTH="1880"
                    HEIGHT="93"
                    WC="0.9500253800551096"></String>
          </TextLine>
        </TextBlock>
        <TextBlock HPOS="197"
                   VPOS="883"
                   WIDTH="22"
                   HEIGHT="28"
                   ID="eSc_textblock_8629b2eb"
                   TAGREFS="BT475">
          <Shape><Polygon POINTS="207 883 219 899 203 911 197 895 207 883"/></Shape>
        </TextBlock>
        <TextBlock HPOS="226"
                   VPOS="1035"
                   WIDTH="16"
                   HEIGHT="27"
                   ID="eSc_textblock_a56369f6"
                   TAGREFS="BT475">
          <Shape><Polygon POINTS="236 1035 242 1056 232 1062 226 1040 236 1035"/></Shape>
        </TextBlock>
        <TextBlock HPOS="226"
                   VPOS="2087"
                   WIDTH="16"
                   HEIGHT="16"
                   ID="eSc_textblock_e71c6ea2"
                   TAGREFS="BT475">
          <Shape><Polygon POINTS="231 2087 242 2087 242 2103 226 2097 231 2087"/></Shape>
        </TextBlock>
        <TextBlock HPOS="168"
                   VPOS="2087"
                   WIDTH="34"
                   HEIGHT="22"
                   ID="eSc_textblock_83cbcb1e"
                   TAGREFS="BT475">
          <Shape><Polygon POINTS="178 2087 202 2087 202 2103 168 2109 178 2087"/></Shape>
        </TextBlock>
        <TextBlock HPOS="238"
                   VPOS="1785"
                   WIDTH="28"
                   HEIGHT="39"
                   ID="eSc_textblock_64bb21e2"
                   TAGREFS="BT475">
          <Shape><Polygon POINTS="242 1785 266 1791 254 1824 238 1807 242 1785"/></Shape>
        </TextBlock>
        <TextBlock HPOS="279"
                   VPOS="1954"
                   WIDTH="21"
                   HEIGHT="21"
                   ID="eSc_textblock_2dac6fd9"
                   TAGREFS="BT475">
          <Shape><Polygon POINTS="283 1954 289 1954 300 1970 279 1975 283 1954"/></Shape>
        </TextBlock>
        <TextBlock HPOS="337"
                   VPOS="1465"
                   WIDTH="16"
                   HEIGHT="28"
                   ID="eSc_textblock_1df4e6b0"
                   TAGREFS="BT475">
          <Shape><Polygon POINTS="348 1465 353 1487 343 1493 337 1471 348 1465"/></Shape>
        </TextBlock>
        <TextBlock HPOS="232"
                   VPOS="75"
                   WIDTH="34"
                   HEIGHT="22"
                   ID="eSc_textblock_d13ffb0c"
                   TAGREFS="BT475">
          <Shape><Polygon POINTS="260 75 266 97 232 91 232 81 260 75"/></Shape>
        </TextBlock>
      </PrintSpace>
    </Page>
  </Layout>
</alto>
