<?xml version="1.0" encoding="UTF-8"?>
<alto xmlns:xsi="http://www.w3.org/2001/XMLSchema-instance"
      xmlns="http://www.loc.gov/standards/alto/ns-v4#"
      xsi:schemaLocation="http://www.loc.gov/standards/alto/ns-v4# http://www.loc.gov/standards/alto/v4/alto-4-2.xsd">
  <Description>
    <MeasurementUnit>pixel</MeasurementUnit>
    <sourceImageInformation>
      <fileName>JK13_1.pdf_page_31.png</fileName>
      <fileIdentifier>pdf//JK13_1.pdf</fileIdentifier>
    </sourceImageInformation>
  </Description>
  <Tags>
    <OtherTag ID="BT7" LABEL="CustomZone" DESCRIPTION="block type CustomZone"/><OtherTag ID="BT8" LABEL="DamageZone" DESCRIPTION="block type DamageZone"/><OtherTag ID="BT12" LABEL="MainZone" DESCRIPTION="block type MainZone"/><OtherTag ID="BT13" LABEL="MarginTextZone" DESCRIPTION="block type MarginTextZone"/><OtherTag ID="BT15" LABEL="NumberingZone" DESCRIPTION="block type NumberingZone"/><OtherTag ID="BT17" LABEL="QuireMarksZone" DESCRIPTION="block type QuireMarksZone"/><OtherTag ID="BT469" LABEL="CustomZone:closer" DESCRIPTION="block type CustomZone:closer"/><OtherTag ID="BT470" LABEL="CustomZone:paraph" DESCRIPTION="block type CustomZone:paraph"/><OtherTag ID="BT471" LABEL="DigitizationArtefactZone:fingers" DESCRIPTION="block type DigitizationArtefactZone:fingers"/><OtherTag ID="BT472" LABEL="NumberingZone:document" DESCRIPTION="block type NumberingZone:document"/><OtherTag ID="BT473" LABEL="NumberingZone:folio" DESCRIPTION="block type NumberingZone:folio"/><OtherTag ID="BT474" LABEL="NumberingZone:page" DESCRIPTION="block type NumberingZone:page"/><OtherTag ID="BT475" LABEL="text" DESCRIPTION="block type text"/>
    <OtherTag ID="LT8" LABEL="DefaultLine" DESCRIPTION="line type DefaultLine"/><OtherTag ID="LT10" LABEL="HeadingLine" DESCRIPTION="line type HeadingLine"/><OtherTag ID="LT11" LABEL="InterlinearLine" DESCRIPTION="line type InterlinearLine"/><OtherTag ID="LT323" LABEL="default" DESCRIPTION="line type default"/>
  </Tags>
  <Layout>
    <Page WIDTH="2479"
          HEIGHT="2533"
          PHYSICAL_IMG_NR="30"
          ID="eSc_dummypage_">
      <PrintSpace HPOS="0"
                  VPOS="0"
                  WIDTH="2479"
                  HEIGHT="2533">
        <TextBlock HPOS="0"
                   VPOS="0"
                   WIDTH="2405"
                   HEIGHT="2531"
                   ID="eSc_textblock_d0c5da04"
                   TAGREFS="BT475">
          <Shape><Polygon POINTS="394 0 2383 0 2366 61 2388 197 2383 392 2136 448 2084 493 2058 488 2045 533 2063 562 2270 591 2298 641 2304 730 2366 737 2388 788 2372 1163 2394 1249 2400 1788 2377 1850 2405 1953 2400 2531 405 2531 388 2251 370 2222 326 2250 320 2200 287 2176 315 2165 292 2126 309 2098 298 1986 332 1947 394 1957 382 1936 411 1867 377 1681 382 1497 332 1445 309 1272 202 1265 180 1242 174 1137 242 1080 22 1073 0 1023 0 788 22 658 291 619 315 606 354 512 636 432 608 337 540 291 533 257 388 257 360 229 394 0"/></Shape>
          <TextLine ID="eSc_line_ab87b155"
                    TAGREFS="LT323"
                    BASELINE="425 15 534 11" 
                    HPOS="423"
                    VPOS="1"
                    WIDTH="111"
                    HEIGHT="25">
            <Shape><Polygon POINTS="522 1 508 1 494 1 480 1 465 1 451 1 437 1 423 1 425 15 425 23 532 26 534 11 532 1 522 1"/></Shape>
	    <String CONTENT="t4"
                    HPOS="423"
                    VPOS="1"
                    WIDTH="111"
                    HEIGHT="25"
                    WC="0.9999725818634033"></String>
          </TextLine>
          <TextLine ID="eSc_line_be75f7a7"
                    TAGREFS="LT323"
                    BASELINE="1092 11 1326 21 2355 23" 
                    HPOS="1090"
                    VPOS="1"
                    WIDTH="1265"
                    HEIGHT="44">
            <Shape><Polygon POINTS="2343 1 2329 1 2315 1 2301 1 2287 1 2273 1 2259 1 2245 1 2231 1 2217 1 2203 1 2189 1 2174 1 2160 1 2146 1 2132 1 2121 1 2076 2 2062 1 2048 1 2034 1 2020 1 2006 1 1991 1 1990 1 1987 1 1977 1 1963 1 1949 1 1935 1 1921 1 1907 1 1893 1 1879 1 1870 1 1865 1 1851 1 1837 1 1823 1 1808 1 1794 1 1780 1 1766 1 1754 1 1752 1 1738 1 1724 1 1710 1 1696 1 1682 1 1668 1 1654 1 1639 1 1625 1 1611 1 1597 1 1583 1 1569 1 1555 1 1541 1 1527 1 1513 1 1499 1 1485 1 1471 1 1456 1 1442 1 1428 1 1414 1 1400 1 1386 1 1372 1 1358 1 1344 1 1330 1 1316 1 1302 1 1288 1 1273 1 1259 1 1245 1 1231 1 1217 1 1203 1 1189 1 1175 1 1161 1 1147 1 1133 1 1119 1 1105 1 1092 1 1092 11 1090 26 1137 29 1151 40 1152 40 1154 40 1155 40 1157 40 1176 32 1241 32 1254 40 1255 40 1257 40 1258 40 1299 32 1327 40 1328 40 1451 42 1452 42 1454 42 1486 30 1509 30 1510 30 1525 42 1527 42 1528 42 1530 42 1661 32 1680 30 1749 30 1754 32 1777 43 1779 43 1780 43 1782 43 1800 35 1868 43 1869 43 2034 35 2063 33 2082 35 2138 40 2139 40 2191 36 2217 33 2222 36 2234 45 2235 45 2236 45 2238 45 2353 36 2355 23 2355 4 2345 1 2343 1"/></Shape>
	    <String CONTENT="iere ouilipisle fanie Le 21"
                    HPOS="1090"
                    VPOS="1"
                    WIDTH="1265"
                    HEIGHT="44"
                    WC="0.9609811482606111"></String>
          </TextLine>
          <TextLine ID="eSc_line_9a73559c"
                    TAGREFS="LT323"
                    BASELINE="420 99 826 84 944 84 1138 97 1534 99 2280 85" 
                    HPOS="419"
                    VPOS="40"
                    WIDTH="1861"
                    HEIGHT="110">
            <Shape><Polygon POINTS="420 99 422 150 478 150 478 149 480 149 482 147 570 111 1031 105 1086 129 1110 140 1112 140 1113 140 1200 139 1202 139 1228 126 1286 133 1288 133 1410 126 1456 135 1458 135 1739 130 1741 130 1777 115 1796 121 1797 121 1799 121 1800 121 1832 109 1877 113 1879 113 1960 104 1965 104 1967 104 2032 112 2034 112 2084 102 2238 111 2239 111 2241 111 2280 94 2280 85 2276 46 2243 53 2225 46 2217 43 2215 43 2214 43 2212 43 2205 46 2190 53 2156 47 2148 46 2146 46 2139 47 2089 59 2059 47 2049 45 2048 45 2046 45 2045 45 2029 49 1982 61 1844 61 1818 50 1807 46 1806 46 1804 46 1772 52 1696 66 1555 66 1531 56 1530 56 1528 56 1527 56 1504 68 1472 68 1444 54 1438 53 1437 53 1435 53 1366 54 1319 45 1317 45 1316 45 1269 57 1220 70 1176 59 1113 40 1112 40 1110 40 846 45 844 45 796 63 775 70 741 63 668 47 667 47 665 47 613 61 485 52 484 52 482 52 447 66 434 71 419 67 420 99"/></Shape>
	    <String CONTENT="prairial au 4R. quarante Livre Vigné Service"
                    HPOS="419"
                    VPOS="40"
                    WIDTH="1861"
                    HEIGHT="110"
                    WC="0.9879637306386774"></String>
          </TextLine>
          <TextLine ID="eSc_line_51aa6c60"
                    TAGREFS="LT323"
                    BASELINE="394 184 543 177 684 157 986 144" 
                    HPOS="391"
                    VPOS="91"
                    WIDTH="595"
                    HEIGHT="121">
            <Shape><Polygon POINTS="394 184 395 212 419 212 420 212 422 212 440 198 495 206 501 206 502 206 601 201 602 201 603 201 608 197 641 174 719 177 720 177 722 177 740 168 827 170 829 170 868 161 929 163 944 171 962 178 964 178 965 178 967 178 986 167 986 144 983 111 940 91 938 91 937 91 936 91 900 104 882 94 881 94 879 94 772 104 771 104 770 104 743 126 658 106 657 106 655 106 654 106 610 135 606 136 581 136 472 136 471 136 470 136 468 136 468 137 461 143 460 146 391 147 394 184"/></Shape>
	    <String CONTENT="famsifique Bellin"
                    HPOS="391"
                    VPOS="91"
                    WIDTH="595"
                    HEIGHT="121"
                    WC="0.990147986832787"></String>
          </TextLine>
          <TextLine ID="eSc_line_35dcc9f1"
                    TAGREFS="LT323"
                    BASELINE="627 209 1375 220 1693 211 2367 204" 
                    HPOS="626"
                    VPOS="156"
                    WIDTH="1741"
                    HEIGHT="90">
            <Shape><Polygon POINTS="627 209 626 246 660 246 660 244 661 244 706 225 789 243 798 244 799 246 848 246 848 244 850 244 855 243 886 230 919 242 927 244 929 244 930 246 1162 246 1162 244 1164 244 1176 239 1188 233 1220 237 1257 243 1258 243 1259 243 1281 237 1296 233 1316 237 1335 240 1337 240 1402 236 1511 227 1561 233 1571 235 1572 235 1580 233 1624 225 1759 232 1779 232 1780 232 1811 230 1935 225 1962 229 2049 244 2051 244 2129 227 2135 225 2366 223 2367 204 2366 178 2319 167 2318 167 2248 177 2243 177 2241 177 2160 167 2159 167 2158 167 2138 177 2134 180 2070 180 2060 175 1997 156 1996 156 1777 156 1776 156 1694 173 1649 156 1648 156 1380 156 1379 156 1378 156 1320 171 1295 180 1134 180 1098 170 1044 159 1043 159 1041 159 1013 170 991 180 836 180 803 168 802 168 800 168 799 168 778 168 732 170 727 168 701 157 699 157 698 157 696 157 664 168 657 170 627 168 627 209"/></Shape>
	    <String CONTENT="Pingistré par moi Greffice dechibunal civil de lhle dle France soussigné tur un"
                    HPOS="626"
                    VPOS="156"
                    WIDTH="1741"
                    HEIGHT="90"
                    WC="0.9508682723286785"></String>
          </TextLine>
          <TextLine ID="eSc_line_d7658fa8"
                    TAGREFS="LT323"
                    BASELINE="585 270 1220 285 1711 274 2355 270" 
                    HPOS="584"
                    VPOS="230"
                    WIDTH="1771"
                    HEIGHT="80">
            <Shape><Polygon POINTS="585 270 584 289 606 299 608 299 609 299 661 292 692 303 694 303 695 303 696 303 719 292 800 289 927 308 929 309 975 309 975 308 976 308 1007 294 1029 302 1030 302 1031 302 1033 302 1052 295 1183 295 1230 308 1231 308 1233 308 1337 299 1388 308 1389 308 1541 291 1575 299 1576 299 1578 299 1632 296 1672 309 1673 309 1675 310 1758 310 1758 309 1759 309 1806 291 1868 309 1869 309 1870 309 1949 291 2010 291 2048 309 2049 309 2051 310 2148 310 2148 309 2149 309 2194 291 2353 291 2355 270 2353 250 2221 232 2219 232 2098 233 2097 233 2065 249 2052 254 2003 249 1941 242 1939 242 1887 247 1799 232 1717 232 1716 232 1714 232 1651 249 1624 254 1556 247 1504 243 1503 243 1479 247 1444 254 1109 254 1082 247 1072 244 1071 244 1069 244 1040 247 971 253 953 246 910 230 909 230 907 230 857 232 855 232 819 244 737 230 616 230 615 230 613 230 585 244 585 270"/></Shape>
	    <String CONTENT="Venfadition du du testament a moi presentée a cet effet et parmoi dle sacte"
                    HPOS="584"
                    VPOS="230"
                    WIDTH="1771"
                    HEIGHT="80"
                    WC="0.9728022881348928"></String>
          </TextLine>
          <TextLine ID="eSc_line_dbede6c8"
                    TAGREFS="LT323"
                    BASELINE="650 340 1365 344 1984 332" 
                    HPOS="648"
                    VPOS="285"
                    WIDTH="1336"
                    HEIGHT="86">
            <Shape><Polygon POINTS="650 340 650 356 796 356 822 370 823 370 824 370 826 371 868 371 868 370 869 370 910 354 969 367 971 367 972 367 991 357 1019 358 1033 368 1034 368 1036 368 1037 368 1117 357 1152 368 1154 368 1155 368 1240 353 1304 367 1306 368 1389 368 1389 367 1984 347 1984 332 1980 285 1941 288 1939 288 1938 288 1907 306 1792 288 1775 287 1773 287 1772 287 1770 287 1768 289 1741 306 1690 308 1663 295 1662 295 1661 295 1659 295 1642 302 1618 292 1614 291 1613 291 1611 291 1610 291 1604 292 1568 306 1514 295 1502 292 1500 292 1499 292 1492 295 1462 309 1426 309 1400 299 1399 299 1397 299 1396 299 1395 299 1379 310 1331 310 1303 299 1289 294 1288 294 1286 294 1285 294 1273 299 1254 310 1230 310 1210 301 1185 291 1183 291 1182 291 1181 291 1179 291 1161 302 1145 312 1114 312 1098 303 1072 292 1071 292 1069 292 1068 292 1033 305 1031 306 938 308 936 306 907 292 906 292 703 292 702 292 701 292 648 312 650 340"/></Shape>
	    <String CONTENT="rendre apèr meution forte furr cutte du present encegistrement"
                    HPOS="648"
                    VPOS="285"
                    WIDTH="1336"
                    HEIGHT="86"
                    WC="0.9649956658963235"></String>
          </TextLine>
          <TextLine ID="eSc_line_b1eb7bf0"
                    TAGREFS="LT323"
                    BASELINE="653 405 1430 405 1852 392 2143 372 2369 370" 
                    HPOS="651"
                    VPOS="327"
                    WIDTH="1718"
                    HEIGHT="114">
            <Shape><Polygon POINTS="653 405 653 420 719 439 720 439 722 440 762 440 762 439 764 439 813 419 878 419 958 433 960 433 1036 423 1089 441 1090 441 1092 441 1238 433 1375 437 1376 437 1378 437 1430 419 1535 420 1537 420 1613 410 1686 412 1731 433 1732 433 1734 433 1858 432 1859 432 1908 406 1935 413 1937 413 1938 413 1939 413 1972 405 1973 405 1975 405 2032 429 2034 429 2035 430 2060 430 2060 429 2108 417 2124 422 2125 422 2127 422 2128 422 2166 402 2367 399 2369 370 2364 327 1949 334 1948 334 1910 351 1837 348 1835 348 1834 348 1793 368 1752 368 1669 360 1668 360 1666 360 1638 370 1548 364 1547 364 1506 371 1423 356 1421 356 1420 356 1402 364 1375 357 1373 357 1372 357 1371 357 1338 374 1145 375 1117 367 1116 367 1114 367 1113 367 1089 375 1061 367 1060 367 1058 367 1005 377 945 365 944 365 943 365 929 370 884 354 882 354 881 354 879 354 847 371 809 357 808 357 806 357 805 357 784 365 755 353 754 353 753 353 751 353 651 354 653 405"/></Shape>
	    <String CONTENT="A soit du Nordamt Jle de faice le troit memdlor au Me de la Repe fer anceser"
                    HPOS="651"
                    VPOS="327"
                    WIDTH="1718"
                    HEIGHT="114"
                    WC="0.9378667085578567"></String>
          </TextLine>
          <TextLine ID="eSc_line_3958be4f"
                    TAGREFS="LT323"
                    BASELINE="1693 478 1906 474" 
                    HPOS="1692"
                    VPOS="433"
                    WIDTH="214"
                    HEIGHT="56">
            <Shape><Polygon POINTS="1693 478 1693 489 1906 481 1906 474 1903 444 1723 433 1721 433 1720 433 1718 433 1718 434 1704 447 1704 448 1692 448 1693 478"/></Shape>
	    <String CONTENT="Busson"
                    HPOS="1692"
                    VPOS="433"
                    WIDTH="214"
                    HEIGHT="56"
                    WC="0.9968460202217102"></String>
          </TextLine>
          <TextLine ID="eSc_line_5f1cfcd0"
                    TAGREFS="LT323"
                    BASELINE="392 613 924 610 1423 619 1922 609" 
                    HPOS="391"
                    VPOS="537"
                    WIDTH="1531"
                    HEIGHT="101">
            <Shape><Polygon POINTS="1911 567 1897 567 1896 567 1875 579 1737 578 1704 562 1703 562 1701 562 1700 562 1666 581 1630 581 1568 564 1535 557 1534 557 1533 557 1504 565 1493 568 1471 565 1404 558 1403 558 1402 558 1383 567 1371 574 1351 568 1342 565 1341 565 1340 565 1338 565 1331 568 1314 575 1281 569 1223 558 1185 537 1183 537 889 537 888 537 886 537 755 571 695 564 647 544 646 544 644 544 643 544 595 565 561 564 560 564 558 564 525 582 522 583 391 583 392 613 392 638 537 623 875 623 891 630 892 630 893 630 895 630 915 621 943 631 944 631 945 631 951 631 1030 621 1048 630 1054 633 1055 633 1112 634 1113 634 1150 629 1186 623 1210 627 1247 636 1248 637 1383 637 1383 636 1447 627 1604 634 1606 634 1607 634 1609 634 1623 626 1644 634 1645 634 1647 636 1751 636 1751 634 1752 634 1777 626 1796 633 1797 633 1799 633 1921 617 1922 609 1913 567 1911 567"/></Shape>
	    <String CONTENT="Pardivant Les noe Pablis a l&#x27;oslat de Fraeut Soussigees"
                    HPOS="391"
                    VPOS="537"
                    WIDTH="1531"
                    HEIGHT="101"
                    WC="0.9628475525162437"></String>
          </TextLine>
          <TextLine ID="eSc_line_fc804b4e"
                    TAGREFS="LT323"
                    BASELINE="1813 565 1975 565" 
                    HPOS="1813"
                    VPOS="527"
                    WIDTH="162"
                    HEIGHT="71">
            <Shape><Polygon POINTS="1813 565 1813 592 1869 585 1880 593 1880 595 1882 595 1883 595 1884 595 1886 595 1887 595 1887 593 1900 582 1920 582 1938 596 1939 596 1941 596 1942 598 1975 598 1975 565 1975 527 1935 527 1934 527 1932 527 1931 527 1925 531 1908 544 1877 537 1868 536 1866 536 1813 544 1813 565"/></Shape>
	    <String CONTENT="5"
                    HPOS="1813"
                    VPOS="527"
                    WIDTH="162"
                    HEIGHT="71"
                    WC="0.5247786045074463"></String>
          </TextLine>
          <TextLine ID="eSc_line_7b8a09bc"
                    TAGREFS="LT323"
                    BASELINE="18 730 384 690 871 683 1380 695 2003 671 2270 667" 
                    HPOS="16"
                    VPOS="602"
                    WIDTH="2254"
                    HEIGHT="142">
            <Shape><Polygon POINTS="16 689 18 730 18 744 236 714 381 713 471 724 472 724 563 706 1013 696 1155 697 1209 707 1257 714 1258 714 1297 707 1319 713 1320 713 1321 713 1841 699 1842 699 1875 689 2027 695 2028 695 2146 679 2222 689 2224 689 2225 689 2270 672 2270 667 2265 602 2210 614 2169 605 2165 605 2163 605 2058 607 2056 607 2051 609 1991 633 1914 614 1906 613 1904 613 1903 613 1894 614 1811 640 1716 640 1648 624 1639 623 1638 623 1617 626 1542 637 1511 631 1510 631 1509 631 1458 647 1388 637 1386 637 1316 652 1107 657 1074 651 1072 651 983 659 947 651 893 637 892 637 891 637 777 652 751 644 750 644 748 644 747 644 701 658 592 659 543 650 541 650 540 650 481 668 471 671 456 669 333 652 332 652 237 654 156 671 105 661 104 661 102 661 18 685 16 689"/></Shape>
	    <String CONTENT="douation de Jean fat Present C^une Jean Moire Pouquet neg^ᵉ resedeu en tatille du Port du"
                    HPOS="16"
                    VPOS="602"
                    WIDTH="2254"
                    HEIGHT="142"
                    WC="0.9435285510641805"></String>
          </TextLine>
          <TextLine ID="eSc_line_9067f4f6"
                    TAGREFS="LT323"
                    BASELINE="447 752 1625 745" 
                    HPOS="446"
                    VPOS="693"
                    WIDTH="1179"
                    HEIGHT="82">
            <Shape><Polygon POINTS="447 752 447 773 525 775 526 775 527 775 529 775 530 773 546 762 589 769 591 769 592 769 594 769 606 761 840 761 855 769 857 771 858 771 860 771 861 772 896 772 896 771 898 771 902 769 929 759 992 759 1023 768 1040 772 1041 772 1043 772 1065 768 1086 762 1098 766 1109 772 1110 772 1112 772 1138 766 1159 762 1186 766 1220 771 1221 771 1269 765 1286 764 1300 765 1354 771 1355 771 1399 764 1434 758 1490 762 1541 766 1542 766 1544 766 1545 766 1551 762 1559 757 1572 762 1582 765 1583 765 1585 766 1585 765 1586 765 1596 761 1609 757 1621 761 1625 745 1620 693 1555 713 1534 713 1511 696 1510 696 1509 696 1507 696 1431 706 1416 696 1414 696 1413 696 1411 696 1410 696 1407 696 1355 712 1299 712 1278 699 1276 699 1275 699 1273 699 1272 699 1271 699 1245 707 1200 700 1162 695 1161 695 1062 697 1061 697 1060 697 1052 703 1034 714 1000 705 999 705 998 705 996 705 974 716 855 716 841 707 829 697 827 697 826 697 722 697 720 697 719 697 717 697 702 709 695 714 671 710 663 709 661 709 660 709 658 709 657 710 647 719 592 719 582 712 565 699 564 699 563 699 561 699 560 699 526 712 512 717 446 714 447 752"/></Shape>
	    <String CONTENT="Nord omast de lade ple de Franie lur de leglier"
                    HPOS="446"
                    VPOS="693"
                    WIDTH="1179"
                    HEIGHT="82"
                    WC="0.9719600436535287"></String>
          </TextLine>
          <TextLine ID="eSc_line_41503db7"
                    TAGREFS="LT323"
                    BASELINE="11 807 399 766" 
                    HPOS="7"
                    VPOS="719"
                    WIDTH="392"
                    HEIGHT="115">
            <Shape><Polygon POINTS="11 807 14 834 106 806 136 809 137 809 139 809 160 800 194 813 197 814 198 814 199 814 215 811 308 789 399 789 399 766 394 727 373 719 371 719 370 719 368 719 308 737 297 727 295 727 294 727 292 727 264 730 263 730 261 730 239 750 230 755 199 754 181 754 180 754 125 764 88 771 83 769 38 754 36 754 35 754 33 754 32 754 32 755 7 776 11 807"/></Shape>
	    <String CONTENT="Norte Vouquêt."
                    HPOS="7"
                    VPOS="719"
                    WIDTH="392"
                    HEIGHT="115"
                    WC="0.9782592611653464"></String>
          </TextLine>
          <TextLine ID="eSc_line_5997f1d4"
                    TAGREFS="LT323"
                    BASELINE="12 890 161 879 349 852 584 835 1290 827 2374 790" 
                    HPOS="9"
                    VPOS="747"
                    WIDTH="2365"
                    HEIGHT="146">
            <Shape><Polygon POINTS="2372 757 2367 750 2200 747 2198 747 2143 758 2108 765 2060 761 1979 754 1977 754 1925 765 1907 769 1889 766 1845 761 1844 761 1783 771 1748 776 1731 772 1717 769 1716 769 1714 769 1673 773 1607 755 1606 755 1604 755 1281 765 1279 765 1254 772 1128 769 1127 769 1126 769 1057 792 988 788 986 788 916 800 899 804 764 807 750 806 640 793 639 793 495 809 442 792 440 792 439 792 371 793 261 803 160 827 9 831 12 890 12 893 278 886 285 885 422 856 505 856 565 871 567 871 772 845 1068 840 1213 848 1214 848 1540 830 1599 837 1609 838 1610 838 1630 837 1730 824 1790 831 1813 833 1814 833 1853 828 1934 819 1955 824 1973 830 1975 830 1976 830 1977 830 2003 823 2044 811 2093 820 2107 821 2108 821 2110 821 2120 819 2160 807 2224 814 2236 816 2238 816 2249 814 2293 804 2373 809 2374 790 2373 758 2372 757"/></Shape>
	    <String CONTENT="mos Louise thérese, Lequel a parr car Rrésents fait donation adone Résead Cntre difs a prevois ement"
                    HPOS="9"
                    VPOS="747"
                    WIDTH="2365"
                    HEIGHT="146"
                    WC="0.9464107304811478"></String>
          </TextLine>
          <TextLine ID="eSc_line_31ec7693"
                    TAGREFS="LT323"
                    BASELINE="443 900 1282 893 1960 878 2041 871" 
                    HPOS="442"
                    VPOS="827"
                    WIDTH="1599"
                    HEIGHT="97">
            <Shape><Polygon POINTS="443 900 443 924 481 917 532 923 536 923 537 923 539 923 540 923 577 913 837 916 924 917 926 917 927 917 938 914 964 907 1155 910 1306 911 1307 911 1358 906 1390 902 1409 904 1435 909 1437 909 1438 909 1449 903 1454 902 1472 903 1518 907 1520 907 1683 899 1739 896 1752 897 1799 903 1800 903 1801 903 1825 896 1831 893 1925 893 1927 893 1944 900 1945 900 1946 900 2039 890 2041 871 2039 840 2000 827 1998 827 1997 827 1935 828 1934 828 1893 842 1863 854 1738 854 1711 847 1666 833 1665 833 1663 833 1435 835 1358 852 1241 838 1240 838 1238 838 1197 858 1190 861 1179 858 1164 854 1162 854 1161 854 1159 854 1150 858 1141 864 957 865 936 864 824 851 823 851 822 851 793 865 772 858 771 858 770 858 768 858 737 868 730 869 717 868 648 859 647 859 587 868 544 859 543 859 541 859 540 859 519 872 518 873 442 873 443 900"/></Shape>
	    <String CONTENT="des austemt 4 Pour trajers avc toute Garantie de Ses fait le Fromesses à la J^e"
                    HPOS="442"
                    VPOS="827"
                    WIDTH="1599"
                    HEIGHT="97"
                    WC="0.9588351506221143"></String>
          </TextLine>
          <TextLine ID="eSc_line_bc79fe5b"
                    TAGREFS="LT323"
                    BASELINE="2049 869 2355 868" 
                    HPOS="2048"
                    VPOS="831"
                    WIDTH="307"
                    HEIGHT="61">
            <Shape><Polygon POINTS="2049 869 2049 878 2194 892 2196 892 2197 892 2198 892 2210 885 2212 883 2353 890 2355 868 2349 833 2324 842 2248 834 2246 834 2245 834 2243 834 2227 842 2210 834 2203 831 2201 831 2200 831 2180 834 2138 842 2118 835 2107 831 2105 831 2104 831 2048 835 2049 869"/></Shape>
	    <String CONTENT=" mari"
                    HPOS="2048"
                    VPOS="831"
                    WIDTH="307"
                    HEIGHT="61"
                    WC="0.9780056357383728"></String>
          </TextLine>
          <TextLine ID="eSc_line_ef81c8e8"
                    TAGREFS="LT323"
                    BASELINE="18 980 363 945" 
                    HPOS="12"
                    VPOS="896"
                    WIDTH="355"
                    HEIGHT="117">
            <Shape><Polygon POINTS="18 980 23 1013 39 999 101 994 115 1004 116 1004 118 1004 119 1004 121 1004 166 990 177 1000 178 1000 180 1000 181 1000 225 994 233 1001 237 1004 237 1006 239 1006 240 1006 242 1006 367 994 363 945 357 907 325 909 298 896 297 896 295 896 264 900 263 900 261 900 261 902 260 902 250 914 246 918 181 924 170 920 146 911 144 911 143 911 142 911 102 925 74 937 50 937 42 930 35 924 33 924 32 924 30 924 29 924 12 930 18 980"/></Shape>
	    <String CONTENT="paa de couleur"
                    HPOS="12"
                    VPOS="896"
                    WIDTH="355"
                    HEIGHT="117"
                    WC="0.9498708035264697"></String>
          </TextLine>
          <TextLine ID="eSc_line_a5b75f65"
                    TAGREFS="LT323"
                    BASELINE="413 975 2020 937 2348 938" 
                    HPOS="411"
                    VPOS="880"
                    WIDTH="1937"
                    HEIGHT="109">
            <Shape><Polygon POINTS="413 975 413 989 913 973 1071 978 1079 978 1081 978 1083 978 1128 969 1155 976 1157 976 1158 976 1162 976 1224 966 1269 975 1283 976 1285 976 1324 973 1433 963 1549 969 1573 969 1575 969 1576 969 1580 968 1603 959 1632 966 1637 968 1638 968 1639 968 1682 966 1861 956 1889 962 1893 962 1894 962 1900 962 1975 949 2345 952 2348 938 2345 896 2174 896 2035 880 2034 880 1948 890 1910 883 1908 883 1907 883 1851 902 1814 892 1813 892 1735 892 1734 892 1732 892 1694 904 1686 907 1673 904 1603 890 1601 890 1554 900 1483 893 1482 893 1480 893 1441 903 1413 894 1411 894 1410 894 1257 909 1226 899 1224 899 1223 899 1158 903 1157 903 1123 913 1085 925 992 925 958 917 957 917 955 917 954 917 930 928 805 930 760 918 758 918 757 918 755 918 754 918 753 918 702 932 668 920 664 918 663 918 661 918 651 920 623 925 594 921 585 920 584 920 582 920 579 921 558 930 536 921 519 916 518 916 516 916 411 923 413 975"/></Shape>
	    <String CONTENT="Louise Maresn femme libre de Conte Dréol de celte dite ple presidt  Cala"
                    HPOS="411"
                    VPOS="880"
                    WIDTH="1937"
                    HEIGHT="109"
                    WC="0.9639828585916095"></String>
          </TextLine>
          <TextLine ID="eSc_line_1031a704"
                    TAGREFS="LT323"
                    BASELINE="16 1051 84 1048" 
                    HPOS="14"
                    VPOS="989"
                    WIDTH="70"
                    HEIGHT="90">
            <Shape><Polygon POINTS="16 1051 16 1079 84 1063 84 1048 81 1004 50 989 49 989 47 989 46 989 14 1001 16 1051"/></Shape>
	    <String CONTENT="dre"
                    HPOS="14"
                    VPOS="989"
                    WIDTH="70"
                    HEIGHT="90"
                    WC="0.9947164257367452"></String>
          </TextLine>
          <TextLine ID="eSc_line_1aaf6033"
                    TAGREFS="LT323"
                    BASELINE="418 1034 724 1018 1071 1020 1841 999 2273 996" 
                    HPOS="416"
                    VPOS="951"
                    WIDTH="1857"
                    HEIGHT="107">
            <Shape><Polygon POINTS="418 1034 418 1058 468 1049 508 1055 509 1055 511 1055 549 1038 591 1044 592 1044 594 1044 616 1035 841 1034 864 1041 865 1041 867 1041 958 1030 1029 1039 1058 1044 1060 1044 1313 1038 1314 1038 1347 1030 1389 1020 1468 1027 1478 1027 1479 1027 1480 1027 1485 1025 1513 1017 1583 1016 1610 1023 1618 1024 1620 1024 1621 1024 1648 1021 1703 1014 1720 1018 1745 1027 1746 1027 1748 1027 1856 1014 1915 1008 1949 1011 2010 1018 2011 1018 2013 1018 2036 1010 2039 1008 2083 1008 2121 1008 2214 1018 2215 1018 2217 1018 2273 1001 2273 996 2269 958 2112 959 2091 951 2090 951 2089 951 2028 962 2021 962 2014 962 1945 955 1944 955 1820 965 1803 966 1800 966 1761 951 1759 951 1758 951 1756 951 1737 959 1673 958 1672 958 1590 969 1572 972 1562 970 1513 959 1511 959 1438 970 1411 959 1410 959 1409 959 1319 975 1314 975 1310 975 1265 966 1264 966 1221 976 1209 979 1196 976 1126 963 1124 963 1036 973 1019 966 1017 966 1016 966 830 970 829 970 793 982 755 972 754 972 753 972 610 975 609 975 582 987 570 994 539 994 511 989 458 979 457 979 456 979 416 990 418 1034"/></Shape>
	    <String CONTENT="Maison de le p^ Csthur femme litre de Coulon Sa tante résidante au Cirn dit noir"
                    HPOS="416"
                    VPOS="951"
                    WIDTH="1857"
                    HEIGHT="107"
                    WC="0.9513860918581486"></String>
          </TextLine>
          <TextLine ID="eSc_line_f83b2087"
                    TAGREFS="LT323"
                    BASELINE="388 1089 460 1094 746 1082 1350 1077 1901 1061 2355 1054" 
                    HPOS="387"
                    VPOS="1008"
                    WIDTH="1968"
                    HEIGHT="103">
            <Shape><Polygon POINTS="388 1089 388 1103 532 1111 533 1111 572 1104 660 1108 661 1108 663 1108 688 1099 705 1099 1017 1100 1019 1100 1103 1092 1107 1092 1109 1092 1182 1099 1183 1099 1314 1089 1493 1093 1495 1093 1635 1090 1676 1082 1685 1080 1696 1082 1759 1087 1761 1087 1825 1079 1839 1077 1865 1077 1976 1083 1977 1083 1979 1083 2008 1076 2018 1073 2025 1076 2039 1080 2041 1080 2042 1082 2165 1082 2165 1080 2355 1069 2355 1054 2352 1018 2266 1008 2265 1008 2263 1008 2228 1020 2215 1025 2155 1025 2141 1023 2107 1013 2105 1013 2104 1013 2103 1013 2066 1024 2059 1025 2053 1024 2025 1014 2024 1014 1948 1014 1946 1014 1945 1014 1913 1027 1904 1030 1882 1027 1793 1017 1792 1017 1727 1018 1725 1018 1690 1031 1683 1035 1606 1035 1596 1034 1551 1023 1549 1023 1548 1023 1504 1035 1493 1038 1417 1037 1297 1035 1296 1035 1238 1041 1219 1042 1206 1041 1130 1032 1128 1032 1127 1032 1100 1044 1099 1045 1036 1045 1029 1045 903 1034 902 1034 753 1045 716 1039 715 1039 713 1039 671 1052 665 1054 661 1052 636 1046 634 1046 633 1046 591 1055 585 1055 581 1055 540 1042 539 1042 537 1042 387 1058 388 1089"/></Shape>
	    <String CONTENT="de detachan de laville du Port du aond oest rei Prérard a ocsptoute antant que faire"
                    HPOS="387"
                    VPOS="1008"
                    WIDTH="1968"
                    HEIGHT="103"
                    WC="0.9654366931035405"></String>
          </TextLine>
          <TextLine ID="eSc_line_9acb5df1"
                    TAGREFS="LT323"
                    BASELINE="425 1162 594 1149 951 1137 2338 1121" 
                    HPOS="423"
                    VPOS="1069"
                    WIDTH="1915"
                    HEIGHT="101">
            <Shape><Polygon POINTS="425 1162 426 1170 561 1162 623 1167 634 1167 636 1167 637 1167 641 1166 668 1159 712 1165 730 1167 732 1167 733 1167 743 1165 779 1153 816 1158 817 1158 819 1158 850 1151 915 1156 916 1156 1005 1149 1041 1159 1054 1162 1055 1162 1057 1162 1096 1158 1155 1151 1202 1155 1252 1160 1254 1160 1331 1153 1421 1144 1449 1151 1472 1156 1473 1156 1475 1156 1530 1149 1540 1148 1542 1149 1563 1156 1565 1156 1566 1156 1638 1146 1683 1141 1704 1145 1738 1153 1739 1153 1794 1144 1813 1141 1851 1142 1929 1146 1931 1146 1960 1141 1984 1135 2034 1139 2082 1142 2083 1142 2084 1142 2094 1138 2103 1134 2145 1137 2190 1139 2191 1139 2214 1135 2229 1132 2245 1135 2308 1145 2310 1145 2311 1145 2338 1132 2338 1121 2334 1069 2225 1072 2224 1072 2177 1089 2091 1072 2089 1072 2087 1072 2006 1073 2004 1073 1951 1093 1875 1094 1652 1096 1503 1080 1500 1080 1499 1080 1497 1080 1413 1100 1327 1100 1064 1086 1047 1086 1045 1086 1003 1087 877 1093 875 1093 836 1107 754 1096 753 1096 751 1096 708 1107 658 1100 657 1100 612 1110 558 1099 557 1099 556 1099 523 1107 423 1096 425 1162"/></Shape>
	    <String CONTENT="le puut atten de sa einorité, de dit Spiens eequelques ais, ainsis que lar tes no^res au"
                    HPOS="423"
                    VPOS="1069"
                    WIDTH="1915"
                    HEIGHT="101"
                    WC="0.9277399432930079"></String>
          </TextLine>
          <TextLine ID="eSc_line_6c8b9854"
                    TAGREFS="LT323"
                    BASELINE="429 1236 988 1204 2342 1172" 
                    HPOS="426"
                    VPOS="1122"
                    WIDTH="1916"
                    HEIGHT="130">
            <Shape><Polygon POINTS="2212 1122 2198 1124 2197 1124 2180 1128 2096 1127 2094 1127 2093 1127 2036 1149 2034 1151 1959 1151 1958 1151 1869 1135 1868 1135 1745 1158 1742 1158 1738 1158 1700 1151 1699 1151 1697 1151 1686 1156 1656 1144 1655 1144 1654 1144 1652 1144 1592 1162 1590 1162 1589 1162 1499 1149 1497 1149 1496 1149 1456 1163 1410 1159 1409 1159 1407 1159 1393 1166 1297 1146 1296 1146 1295 1146 1252 1160 1210 1148 1209 1148 1207 1148 1037 1163 1009 1155 1007 1155 1006 1155 865 1158 747 1169 695 1165 694 1165 692 1165 640 1190 426 1196 429 1236 430 1252 574 1249 595 1246 723 1229 853 1236 854 1236 855 1236 879 1224 1143 1218 1209 1225 1251 1229 1252 1229 1355 1227 1357 1227 1378 1220 1386 1217 1402 1218 1449 1224 1451 1224 1452 1224 1478 1215 1504 1207 1548 1213 1596 1220 1597 1220 1766 1214 1768 1214 1793 1204 1807 1200 1853 1203 1911 1205 1913 1205 1945 1198 1962 1196 1973 1198 1997 1204 1998 1204 2000 1204 2053 1196 2079 1191 2107 1193 2205 1201 2207 1201 2341 1184 2342 1172 2336 1141 2274 1141 2225 1122 2212 1122"/></Shape>
	    <String CONTENT="Detoin Port Elle Ss hoirs horitiere Sancveurs l ayaut Cante de la propriété fuision"
                    HPOS="426"
                    VPOS="1122"
                    WIDTH="1916"
                    HEIGHT="130"
                    WC="0.9325231195214283"></String>
          </TextLine>
          <TextLine ID="eSc_line_4d46fd5e"
                    TAGREFS="LT323"
                    BASELINE="415 1294 1345 1260 2363 1249" 
                    HPOS="413"
                    VPOS="1197"
                    WIDTH="1950"
                    HEIGHT="118">
            <Shape><Polygon POINTS="415 1294 415 1303 536 1315 537 1315 665 1311 667 1311 688 1303 785 1310 786 1310 1257 1298 1334 1283 1354 1279 1835 1270 1846 1272 1899 1284 1900 1284 1965 1270 1977 1266 2077 1265 2094 1267 2159 1277 2160 1277 2363 1260 2363 1249 2359 1211 2204 1214 2201 1214 2120 1201 2118 1201 2117 1201 2082 1215 2032 1197 2031 1197 2029 1197 1913 1198 1769 1222 1706 1214 1704 1214 1603 1228 1599 1228 1597 1228 1544 1207 1542 1207 1541 1207 1473 1208 1472 1208 1393 1231 1355 1218 1354 1218 1306 1218 1304 1218 1303 1218 1278 1229 1248 1221 1247 1221 1245 1221 1190 1224 1189 1224 1151 1235 1019 1220 1017 1220 960 1232 758 1225 757 1225 647 1248 554 1235 553 1235 551 1235 518 1251 481 1241 480 1241 478 1241 413 1255 415 1294"/></Shape>
	    <String CONTENT="E Juuivane d&#x27;un terrisi Enpamnnt de naison Sisac cette dite i du Port du nore"
                    HPOS="413"
                    VPOS="1197"
                    WIDTH="1950"
                    HEIGHT="118"
                    WC="0.9643547225308109"></String>
          </TextLine>
          <TextLine ID="eSc_line_40e25705"
                    TAGREFS="LT323"
                    BASELINE="354 1377 523 1377 874 1348 1247 1331 1554 1331 2357 1315" 
                    HPOS="353"
                    VPOS="1259"
                    WIDTH="2004"
                    HEIGHT="132">
            <Shape><Polygon POINTS="354 1383 451 1391 453 1391 657 1384 658 1384 695 1373 696 1373 701 1373 784 1381 785 1381 953 1377 1050 1365 1165 1369 1167 1369 1168 1369 1197 1357 1210 1352 1514 1346 1528 1348 1585 1353 1586 1353 1587 1353 1609 1345 1616 1341 1662 1341 1680 1342 1746 1352 1748 1352 1749 1352 1790 1339 1801 1336 1813 1338 1873 1350 1875 1350 1953 1341 1994 1348 1996 1348 2086 1329 2100 1328 2118 1329 2205 1336 2207 1336 2357 1321 2357 1315 2353 1273 2295 1262 2294 1262 2231 1274 2229 1274 2228 1274 2180 1259 2179 1259 2177 1259 2176 1259 2141 1269 2091 1260 2090 1260 2021 1274 1970 1265 1969 1265 1896 1281 1872 1287 1787 1290 1497 1296 1475 1289 1473 1289 1472 1289 1466 1289 1389 1298 1341 1291 1292 1283 1290 1283 1131 1294 1112 1297 1110 1297 1082 1308 975 1300 974 1300 972 1300 938 1310 910 1298 909 1298 907 1298 906 1298 905 1298 902 1298 879 1307 850 1300 847 1300 846 1300 844 1300 843 1300 823 1308 743 1304 741 1304 740 1304 712 1315 655 1310 654 1310 653 1310 626 1317 594 1304 591 1304 589 1304 588 1304 581 1305 550 1311 353 1310 354 1377 354 1383"/></Shape>
	    <String CONTENT="oart de lad^e Jle lequel done sur les Rurs de larsenal  partie de alle danbin"
                    HPOS="353"
                    VPOS="1259"
                    WIDTH="2004"
                    HEIGHT="132"
                    WC="0.9465129553497612"></String>
          </TextLine>
          <TextLine ID="eSc_line_ea5c96b4"
                    TAGREFS="LT323"
                    BASELINE="401 1453 1281 1408 2349 1394" 
                    HPOS="398"
                    VPOS="1328"
                    WIDTH="1951"
                    HEIGHT="142">
            <Shape><Polygon POINTS="401 1453 402 1470 423 1463 439 1469 442 1470 443 1470 444 1470 588 1466 602 1463 633 1456 671 1460 694 1463 695 1463 696 1463 706 1459 727 1452 762 1457 785 1460 786 1460 982 1455 983 1455 1009 1448 1067 1432 1238 1429 1290 1436 1292 1436 1293 1436 1340 1424 1656 1422 1658 1422 1683 1415 1755 1421 1796 1424 1797 1424 1799 1424 1817 1418 1838 1412 1852 1417 1869 1424 1870 1424 1872 1425 1958 1425 1958 1424 1959 1424 1983 1414 2020 1424 2021 1424 2022 1424 2131 1414 2224 1419 2225 1419 2349 1398 2349 1394 2343 1328 2249 1331 2248 1331 2245 1332 2203 1349 2184 1342 2183 1342 2181 1342 2072 1365 1907 1367 1872 1356 1870 1356 1869 1356 1868 1356 1837 1370 1745 1372 1717 1362 1716 1362 1714 1362 1644 1366 1620 1359 1589 1349 1587 1349 1586 1349 1531 1350 1407 1355 1406 1355 1358 1370 1314 1384 1262 1374 1188 1360 1186 1360 1154 1362 1152 1362 1110 1381 1086 1391 1044 1384 981 1373 979 1373 978 1373 934 1388 922 1393 899 1390 812 1379 810 1379 762 1387 734 1383 733 1383 732 1383 696 1398 688 1403 675 1400 646 1394 644 1394 530 1407 520 1407 518 1407 456 1390 454 1390 453 1390 451 1390 398 1410 401 1453"/></Shape>
	    <String CONTENT="a de quiate toisis sar als dermiees Rai, qui ce devout à été divité le deux Pastiee lans"
                    HPOS="398"
                    VPOS="1328"
                    WIDTH="1951"
                    HEIGHT="142"
                    WC="0.9520313983613794"></String>
          </TextLine>
          <TextLine ID="eSc_line_531e0fe0"
                    TAGREFS="LT323"
                    BASELINE="419 1521 1319 1478 2328 1467" 
                    HPOS="416"
                    VPOS="1414"
                    WIDTH="1912"
                    HEIGHT="125">
            <Shape><Polygon POINTS="419 1521 419 1528 447 1539 449 1539 450 1539 523 1538 753 1525 754 1525 779 1518 805 1512 822 1518 851 1528 853 1528 854 1528 985 1525 1060 1511 1102 1504 1148 1508 1150 1508 1200 1497 1575 1488 1652 1494 1654 1494 1655 1494 1679 1484 1786 1483 1827 1491 1875 1501 1876 1501 1877 1501 1928 1488 1952 1483 2089 1483 2096 1484 2135 1494 2136 1494 2138 1494 2266 1490 2328 1477 2328 1467 2324 1429 2207 1431 2141 1414 2139 1414 2138 1414 2136 1414 2076 1431 2052 1424 2051 1424 2049 1424 1921 1439 1920 1439 1880 1422 1879 1422 1877 1422 1779 1424 1777 1424 1708 1445 1566 1431 1565 1431 1563 1431 1509 1450 1509 1452 1499 1452 1465 1452 1411 1433 1410 1433 1409 1433 1371 1435 1369 1435 1342 1448 1286 1438 1285 1438 1283 1438 1241 1457 1095 1442 1093 1442 1092 1442 1047 1455 993 1450 992 1450 991 1450 936 1466 872 1455 871 1455 869 1455 855 1460 729 1452 727 1452 639 1455 637 1455 560 1477 416 1480 419 1521"/></Shape>
	    <String CONTENT="de quante toins Sur quoite designé Sous le Nanere Cnt vingt laquelle Premiere"
                    HPOS="416"
                    VPOS="1414"
                    WIDTH="1912"
                    HEIGHT="125"
                    WC="0.9677531959174516"></String>
          </TextLine>
          <TextLine ID="eSc_line_fc96f01d"
                    TAGREFS="LT323"
                    BASELINE="423 1600 850 1571 1444 1546 2319 1535" 
                    HPOS="420"
                    VPOS="1488"
                    WIDTH="1899"
                    HEIGHT="119">
            <Shape><Polygon POINTS="423 1600 423 1607 584 1597 640 1601 665 1602 667 1602 668 1602 677 1600 699 1591 747 1597 751 1597 753 1597 754 1597 755 1597 775 1587 830 1594 855 1597 857 1597 858 1597 875 1592 920 1580 957 1585 958 1585 1067 1571 1109 1580 1110 1580 1137 1574 1162 1581 1174 1585 1175 1585 1176 1585 1178 1585 1197 1580 1248 1567 1304 1571 1306 1571 1566 1557 1594 1566 1607 1570 1609 1570 1610 1570 1611 1570 1621 1566 1635 1557 1706 1556 1724 1562 1739 1566 1741 1566 1742 1566 1744 1566 1755 1560 1763 1556 1806 1559 1838 1560 1839 1560 1841 1560 1856 1556 1877 1552 1921 1554 2058 1563 2059 1563 2060 1563 2111 1549 2249 1554 2250 1554 2319 1539 2319 1535 2315 1488 2267 1488 2266 1488 2265 1488 2262 1490 2248 1497 2212 1491 2191 1488 2190 1488 2167 1493 2142 1498 2129 1494 2121 1491 2120 1491 2118 1491 2076 1495 2021 1502 2001 1498 1990 1497 1989 1497 1987 1497 1979 1500 1948 1509 1911 1502 1910 1502 1856 1512 1779 1507 1759 1505 1758 1505 1701 1509 1652 1512 1644 1511 1569 1494 1568 1494 1314 1501 1313 1501 1238 1525 1224 1529 1209 1526 1120 1508 1119 1508 1117 1508 1093 1519 1068 1512 1067 1512 1065 1512 1064 1512 1020 1533 1012 1538 957 1538 945 1535 879 1519 878 1519 877 1519 834 1535 784 1521 782 1521 781 1521 779 1521 739 1539 678 1545 658 1546 648 1546 544 1538 543 1538 541 1538 499 1552 420 1553 423 1600"/></Shape>
	    <String CONTENT="partie prov^ᵉ de la couusson Caile à Banois pétat lequatort denubre mil Sept cant"
                    HPOS="420"
                    VPOS="1488"
                    WIDTH="1899"
                    HEIGHT="119"
                    WC="0.9534597878838763"></String>
          </TextLine>
          <TextLine ID="eSc_line_71d247c9"
                    TAGREFS="LT323"
                    BASELINE="389 1667 546 1667 1347 1629 2349 1602" 
                    HPOS="387"
                    VPOS="1559"
                    WIDTH="1962"
                    HEIGHT="140">
            <Shape><Polygon POINTS="389 1667 389 1681 456 1699 457 1699 458 1699 540 1697 541 1697 577 1684 837 1687 839 1687 954 1661 975 1656 1137 1652 1155 1654 1183 1659 1185 1659 1186 1659 1207 1652 1220 1647 1364 1647 1514 1645 1516 1645 1528 1640 1541 1638 1552 1640 1628 1659 1630 1659 1787 1654 1880 1636 1939 1647 1941 1647 1942 1647 2006 1623 2011 1622 2020 1623 2069 1632 2070 1632 2207 1622 2245 1633 2246 1633 2248 1633 2349 1611 2349 1602 2345 1560 2234 1559 2232 1559 2231 1559 2211 1564 2170 1576 2132 1569 2131 1569 2063 1580 2038 1570 2028 1567 2027 1567 1984 1567 1983 1567 1893 1576 1734 1591 1586 1587 1492 1584 1490 1584 1489 1584 1465 1591 1458 1592 1451 1591 1423 1587 1421 1587 1420 1587 1399 1594 1364 1605 1240 1607 1221 1600 1207 1594 1206 1594 1205 1594 1203 1594 1186 1601 1172 1607 1151 1602 1121 1597 1120 1597 1119 1597 1089 1605 1064 1611 974 1609 972 1609 971 1609 950 1618 889 1612 836 1607 834 1607 775 1616 708 1628 387 1629 389 1667"/></Shape>
	    <String CONTENT="Cinquante te C. l le sionde cartie designé Sons le auiere au dis Sept provient de"
                    HPOS="387"
                    VPOS="1559"
                    WIDTH="1962"
                    HEIGHT="140"
                    WC="0.9612916884598909"></String>
          </TextLine>
          <TextLine ID="eSc_line_dabd85a0"
                    TAGREFS="LT323"
                    BASELINE="425 1740 1404 1701 2315 1681" 
                    HPOS="423"
                    VPOS="1636"
                    WIDTH="1892"
                    HEIGHT="132">
            <Shape><Polygon POINTS="425 1740 425 1753 461 1767 463 1767 513 1768 515 1768 615 1764 616 1764 655 1746 665 1742 706 1744 869 1757 871 1757 905 1756 906 1756 954 1736 962 1733 969 1736 999 1749 1000 1749 1002 1749 1003 1749 1030 1742 1076 1749 1078 1749 1079 1749 1117 1736 1145 1746 1147 1746 1148 1746 1255 1744 1257 1744 1303 1726 1317 1719 1776 1708 1789 1711 1845 1725 1846 1725 1848 1725 1849 1725 1887 1708 1900 1702 1920 1706 1969 1718 1970 1718 2063 1705 2107 1713 2108 1713 2110 1713 2136 1701 2203 1715 2204 1715 2279 1712 2280 1712 2315 1694 2315 1681 2310 1642 2196 1650 2183 1646 2162 1636 2160 1636 2159 1636 2058 1643 2056 1643 2034 1650 2017 1657 1839 1661 1823 1657 1808 1654 1807 1654 1806 1654 1804 1654 1789 1659 1775 1663 1738 1661 1642 1654 1641 1654 1639 1654 1609 1666 1597 1668 1586 1666 1542 1656 1541 1656 1447 1659 1337 1671 1290 1667 1289 1667 1240 1678 1223 1681 1205 1680 1138 1670 1137 1670 1136 1670 1098 1683 1088 1685 1078 1684 1031 1673 1030 1673 913 1676 815 1692 803 1694 796 1694 741 1685 740 1685 739 1685 716 1695 677 1684 675 1684 674 1684 672 1684 643 1698 640 1701 594 1701 591 1701 564 1690 563 1690 561 1690 494 1699 458 1692 457 1692 456 1692 423 1704 425 1740"/></Shape>
	    <String CONTENT="La Copattion accordie au Cre Rommiie Pau leConnil Savarins de cetr ple le vingt many"
                    HPOS="423"
                    VPOS="1636"
                    WIDTH="1892"
                    HEIGHT="132"
                    WC="0.943790231077444"></String>
          </TextLine>
          <TextLine ID="eSc_line_68ef8912"
                    TAGREFS="LT323"
                    BASELINE="425 1808 846 1778 1417 1757 1773 1754 2386 1764" 
                    HPOS="423"
                    VPOS="1702"
                    WIDTH="1963"
                    HEIGHT="116">
            <Shape><Polygon POINTS="425 1808 425 1818 778 1812 779 1812 815 1798 847 1808 848 1808 850 1808 909 1795 940 1799 941 1799 943 1799 978 1785 1071 1806 1075 1806 1076 1806 1078 1806 1079 1806 1157 1782 1185 1791 1186 1791 1188 1791 1255 1784 1290 1791 1292 1791 1293 1791 1326 1777 1369 1777 1471 1781 1472 1781 1848 1768 2008 1782 2010 1782 2082 1774 2208 1782 2235 1784 2236 1784 2384 1778 2386 1764 2383 1725 2253 1725 2211 1716 2210 1716 2208 1716 2186 1725 2149 1715 2148 1715 2146 1715 2096 1723 2058 1713 2056 1713 2055 1713 2053 1713 2010 1729 1937 1702 1935 1702 1934 1702 1851 1712 1811 1705 1810 1705 1447 1711 1313 1721 1311 1721 1271 1739 1244 1730 1243 1730 1241 1730 1240 1730 1207 1742 1178 1730 1176 1730 1175 1730 1076 1739 1054 1732 1052 1732 1051 1732 967 1746 922 1740 920 1740 919 1740 882 1751 765 1737 764 1737 643 1757 423 1761 425 1808"/></Shape>
	    <String CONTENT="til Sept Cent Cinquante set adesquells deoux Peste Reunies au jourdhin lu ane Suill la daqe"
                    HPOS="423"
                    VPOS="1702"
                    WIDTH="1963"
                    HEIGHT="116"
                    WC="0.9401338264182374"></String>
          </TextLine>
          <TextLine ID="eSc_line_db59d304"
                    TAGREFS="LT323"
                    BASELINE="432 1870 878 1837 1371 1820 2338 1822" 
                    HPOS="430"
                    VPOS="1767"
                    WIDTH="1908"
                    HEIGHT="114">
            <Shape><Polygon POINTS="432 1870 432 1881 726 1875 727 1875 739 1873 816 1850 837 1858 839 1858 840 1858 943 1850 979 1861 981 1861 982 1861 1093 1846 1206 1854 1207 1854 1209 1854 1283 1836 1451 1840 1452 1840 1654 1830 1731 1843 1766 1849 1768 1849 1824 1840 1880 1832 1899 1837 1922 1847 1924 1847 1925 1847 1984 1840 2013 1849 2014 1849 2015 1849 2017 1849 2066 1835 2146 1847 2148 1847 2211 1833 2293 1840 2294 1840 2295 1840 2336 1825 2338 1822 2335 1789 1970 1794 1866 1767 1865 1767 1789 1767 1787 1767 1556 1778 1523 1773 1521 1773 1520 1773 1493 1782 1466 1773 1465 1773 1464 1773 1373 1781 1334 1774 1333 1774 1241 1788 1144 1781 1143 1781 1045 1801 976 1780 975 1780 974 1780 867 1805 803 1799 802 1799 800 1799 764 1813 705 1804 703 1804 702 1804 663 1815 581 1811 579 1811 430 1819 432 1870"/></Shape>
	    <String CONTENT="à porfrite Connaissance d&#x27;alarnat a douns teud ete puprièliere du Suide terrent au Moyen"
                    HPOS="430"
                    VPOS="1767"
                    WIDTH="1908"
                    HEIGHT="114"
                    WC="0.9712841686877337"></String>
          </TextLine>
          <TextLine ID="eSc_line_e67dbc7c"
                    TAGREFS="LT323"
                    BASELINE="433 1937 1409 1889 2359 1881" 
                    HPOS="430"
                    VPOS="1813"
                    WIDTH="1929"
                    HEIGHT="141">
            <Shape><Polygon POINTS="2329 1822 2318 1822 2262 1836 2219 1822 2217 1822 2205 1822 2142 1842 2108 1837 2107 1837 2051 1849 1982 1829 1980 1829 1979 1829 1977 1829 1969 1830 1896 1842 1863 1835 1828 1826 1827 1826 1825 1826 1787 1837 1769 1843 1749 1839 1700 1830 1699 1830 1697 1830 1656 1843 1651 1844 1647 1844 1590 1832 1589 1832 1479 1835 1418 1846 1362 1839 1361 1839 1359 1839 1326 1854 1293 1844 1292 1844 1202 1843 1200 1843 1199 1843 1168 1854 1133 1846 1131 1846 1130 1846 1005 1849 1003 1849 962 1867 915 1875 907 1877 905 1877 889 1871 888 1871 886 1871 885 1871 871 1878 858 1885 430 1896 433 1937 434 1954 671 1949 679 1947 744 1936 768 1944 770 1944 771 1944 830 1937 855 1943 860 1943 861 1943 862 1943 867 1943 912 1930 951 1940 955 1940 957 1940 958 1940 961 1940 999 1922 1578 1903 1668 1909 1669 1909 1720 1902 1762 1916 1763 1916 1765 1916 1766 1916 1782 1915 1889 1906 1948 1911 1955 1911 1956 1911 1958 1911 1959 1911 1997 1896 2083 1902 2084 1902 2086 1902 2110 1891 2139 1903 2141 1903 2142 1903 2235 1895 2356 1898 2359 1881 2353 1813 2329 1819 2329 1822"/></Shape>
	    <String CONTENT="de lavente que le C^en dodilque Colin lui le a fuite Par Cintrantas Rappore de l&#x27;Jsle leui"
                    HPOS="430"
                    VPOS="1813"
                    WIDTH="1929"
                    HEIGHT="141"
                    WC="0.9287841018703249"></String>
          </TextLine>
          <TextLine ID="eSc_line_03720920"
                    TAGREFS="LT323"
                    BASELINE="427 2008 1282 1965 2072 1953 2384 1956" 
                    HPOS="426"
                    VPOS="1894"
                    WIDTH="1958"
                    HEIGHT="132">
            <Shape><Polygon POINTS="427 2008 427 2016 451 2026 453 2026 454 2026 589 2015 643 2019 644 2019 646 2019 665 2010 672 2006 746 2003 774 2008 819 2015 820 2015 822 2015 851 2005 881 1996 971 2002 995 2003 996 2003 998 2003 1002 2002 1019 1995 1033 2001 1036 2002 1037 2002 1038 2002 1051 2001 1075 1996 1086 1999 1100 2003 1102 2003 1103 2003 1105 2003 1120 1999 1152 1986 1513 1977 1558 1988 1575 1991 1576 1991 1652 1985 1706 1981 1734 1982 1765 1985 1766 1985 1792 1981 1876 1967 2060 1970 2062 1970 2063 1970 2082 1963 2122 1972 2129 1974 2131 1974 2383 1965 2384 1956 2380 1908 2198 1912 2173 1903 2172 1903 2170 1903 2094 1916 2090 1916 2087 1916 2006 1894 2004 1894 2003 1894 1911 1901 1910 1901 1859 1915 1787 1902 1786 1902 1665 1915 1565 1908 1563 1908 1562 1908 1458 1934 1382 1913 1380 1913 1379 1913 1189 1919 1188 1919 1141 1934 1027 1926 1026 1926 1024 1926 992 1934 969 1926 968 1926 967 1926 965 1926 889 1946 788 1937 786 1937 785 1937 751 1954 710 1954 657 1943 655 1943 654 1943 581 1963 426 1967 427 2008"/></Shape>
	    <String CONTENT="desav^t Soussignés qui le à Patance Moinntd le jour dhcice vingt  Cinq du Tredeu Noir lequell"
                    HPOS="426"
                    VPOS="1894"
                    WIDTH="1958"
                    HEIGHT="132"
                    WC="0.9177955132658764"></String>
          </TextLine>
          <TextLine ID="eSc_line_5464b0e3"
                    TAGREFS="LT323"
                    BASELINE="419 2079 1410 2026 2386 2015" 
                    HPOS="416"
                    VPOS="1964"
                    WIDTH="1970"
                    HEIGHT="129">
            <Shape><Polygon POINTS="419 2079 419 2082 457 2093 458 2093 460 2093 720 2075 755 2084 757 2084 758 2084 808 2072 820 2070 929 2070 1141 2070 1141 2068 1143 2068 1159 2062 1181 2055 1200 2061 1221 2068 1223 2068 1224 2068 1355 2064 1357 2064 1375 2057 1400 2046 1694 2037 1731 2043 1732 2043 1883 2032 1980 2036 1982 2036 2035 2026 2084 2037 2091 2039 2093 2039 2386 2029 2386 2015 2380 1972 2273 1975 2270 1975 2241 1967 2239 1967 2238 1967 2124 1978 2079 1965 2077 1965 2076 1965 2074 1965 2046 1974 1986 1964 1984 1964 1855 1968 1853 1968 1782 1989 1768 1992 1659 1992 1389 1992 1388 1992 1386 1992 1365 2001 1357 2001 1244 1999 1243 1999 1169 2006 1089 2015 1074 2009 1040 1996 1038 1996 1037 1996 962 1998 786 2006 729 2019 709 2023 681 2020 584 2010 582 2010 581 2010 553 2022 508 2017 506 2017 505 2017 480 2026 458 2033 416 2029 419 2079"/></Shape>
	    <String CONTENT="Loluui au dait proprietaire lui mins atont ledits vente Pour seu estre Renda adjndiestaire"
                    HPOS="416"
                    VPOS="1964"
                    WIDTH="1970"
                    HEIGHT="129"
                    WC="0.9523223724630144"></String>
          </TextLine>
          <TextLine ID="eSc_line_283a2bca"
                    TAGREFS="LT323"
                    BASELINE="402 2141 868 2126 1416 2086 1893 2081 2352 2086" 
                    HPOS="399"
                    VPOS="2027"
                    WIDTH="1953"
                    HEIGHT="131">
            <Shape><Polygon POINTS="402 2141 404 2158 864 2146 872 2146 1013 2124 1096 2127 1098 2127 1099 2127 1114 2120 1141 2129 1143 2129 1144 2129 1145 2129 1182 2113 1240 2110 1563 2102 1655 2109 1656 2109 1658 2109 1704 2096 1801 2096 1830 2105 1831 2105 1832 2105 1834 2105 1858 2098 1929 2113 1931 2113 1932 2113 1937 2113 1979 2109 1980 2109 2017 2093 2107 2108 2108 2108 2352 2100 2352 2086 2348 2043 2291 2044 2288 2044 2259 2033 2257 2033 2256 2033 2255 2033 2210 2046 2204 2047 2187 2047 2094 2043 2093 2043 2091 2043 2065 2050 2062 2051 2058 2051 1984 2027 1983 2027 1982 2027 1884 2029 1617 2037 1504 2060 1426 2043 1424 2043 1423 2043 1399 2054 1285 2050 1283 2050 1282 2050 1230 2075 1226 2077 1221 2075 1152 2057 1151 2057 1150 2057 1148 2057 1121 2065 1002 2057 1000 2057 999 2057 971 2070 943 2067 941 2067 940 2067 900 2085 896 2088 705 2092 698 2091 636 2077 634 2077 509 2095 464 2086 463 2086 399 2099 402 2141"/></Shape>
	    <String CONTENT="Par lasuinision et comminanté dente le cet Guegat la chanvelaine et fuce marie feary"
                    HPOS="399"
                    VPOS="2027"
                    WIDTH="1953"
                    HEIGHT="131"
                    WC="0.9518016278743744"></String>
          </TextLine>
          <TextLine ID="eSc_line_309f0622"
                    TAGREFS="LT323"
                    BASELINE="409 2212 713 2198 1086 2167 1535 2141 2391 2136" 
                    HPOS="406"
                    VPOS="2082"
                    WIDTH="1985"
                    HEIGHT="134">
            <Shape><Polygon POINTS="409 2212 409 2216 800 2207 833 2205 972 2188 1006 2199 1013 2200 1014 2200 1016 2200 1017 2200 1024 2198 1075 2179 1161 2189 1162 2189 1281 2169 1582 2169 1583 2169 1651 2160 1693 2172 1694 2172 1696 2172 1697 2172 1739 2157 1893 2153 1990 2164 1991 2164 2049 2157 2077 2164 2093 2167 2094 2167 2131 2161 2232 2147 2290 2157 2342 2165 2343 2165 2391 2153 2391 2136 2388 2089 2364 2082 2363 2082 2362 2082 2360 2082 2342 2091 2317 2102 2263 2093 2225 2088 2224 2088 2149 2098 2046 2112 1996 2103 1967 2099 1966 2099 1965 2099 1946 2105 1941 2108 1935 2106 1915 2098 1914 2098 1792 2092 1790 2092 1545 2098 1544 2098 1525 2105 1389 2102 1388 2102 1386 2102 1368 2110 1351 2103 1350 2103 1348 2103 1228 2106 1227 2106 1143 2136 1120 2143 1071 2138 1055 2137 1054 2137 1052 2137 1044 2138 1022 2147 861 2150 847 2147 822 2140 820 2140 819 2140 765 2147 722 2138 720 2138 719 2138 685 2147 667 2140 665 2140 664 2140 663 2140 612 2155 605 2158 406 2162 409 2212"/></Shape>
	    <String CONTENT="teu évuse enletude c taisant praes oubel de mise dinchire et adjndcation danée par ledie delie"
                    HPOS="406"
                    VPOS="2082"
                    WIDTH="1985"
                    HEIGHT="134"
                    WC="0.9473507970254472"></String>
          </TextLine>
          <TextLine ID="eSc_line_ab405a4b"
                    TAGREFS="LT323"
                    BASELINE="413 2267 579 2262 1468 2202 1922 2196 2391 2207" 
                    HPOS="411"
                    VPOS="2144"
                    WIDTH="1980"
                    HEIGHT="148">
            <Shape><Polygon POINTS="413 2267 413 2292 485 2282 554 2286 556 2286 557 2286 594 2272 615 2278 616 2278 617 2278 720 2264 805 2271 806 2271 874 2261 922 2269 923 2269 924 2269 965 2257 1010 2258 1012 2258 1013 2258 1057 2240 1209 2236 1237 2243 1238 2243 1240 2243 1427 2226 1476 2240 1478 2240 1479 2240 1563 2220 1647 2237 1648 2237 1766 2212 1908 2223 1910 2223 1911 2223 1942 2210 2051 2222 2052 2222 2053 2222 2074 2212 2117 2222 2118 2222 2177 2212 2390 2212 2391 2207 2387 2148 2087 2158 2049 2147 2048 2147 2046 2147 1997 2153 1899 2144 1897 2144 1730 2151 1651 2168 1596 2157 1594 2157 1433 2171 1302 2169 1300 2169 1299 2169 1251 2185 1189 2174 1188 2174 982 2200 920 2193 919 2193 810 2213 768 2209 767 2209 582 2223 581 2223 561 2217 560 2217 558 2217 411 2230 413 2267"/></Shape>
	    <String CONTENT="qui en a la minuette tos ladatte dons on commencement de lix frentidor de l&#x27;an troin de la Negullin"
                    HPOS="411"
                    VPOS="2144"
                    WIDTH="1980"
                    HEIGHT="148"
                    WC="0.9586157630188297"></String>
          </TextLine>
          <TextLine ID="eSc_line_d71b9784"
                    TAGREFS="LT323"
                    BASELINE="415 2330 1510 2264 2011 2257 2388 2259" 
                    HPOS="413"
                    VPOS="2209"
                    WIDTH="1975"
                    HEIGHT="148">
            <Shape><Polygon POINTS="415 2330 416 2357 505 2357 505 2355 525 2351 596 2334 692 2335 694 2335 741 2327 800 2337 802 2337 920 2312 979 2320 981 2320 1051 2306 1107 2317 1109 2317 1110 2317 1161 2305 1188 2310 1189 2310 1190 2310 1224 2295 1524 2282 1634 2300 1635 2300 1637 2300 1713 2274 1811 2288 1813 2288 1814 2288 1856 2275 1928 2283 1929 2283 1931 2283 1952 2274 2044 2281 2045 2281 2046 2281 2084 2268 2136 2278 2138 2278 2388 2267 2388 2259 2384 2212 2204 2217 2181 2209 2180 2209 2179 2209 2177 2209 2139 2223 1956 2229 1920 2222 1918 2222 1917 2222 1886 2233 1817 2222 1815 2222 1814 2222 1768 2237 1708 2223 1707 2223 1642 2229 1579 2219 1578 2219 1402 2237 1373 2229 1372 2229 1371 2229 1189 2237 1188 2237 1157 2251 1137 2245 1136 2245 1134 2245 1095 2254 1043 2244 1041 2244 962 2248 961 2248 926 2261 831 2257 830 2257 829 2257 788 2269 710 2262 709 2262 708 2262 679 2274 651 2269 650 2269 648 2269 608 2282 563 2276 561 2276 560 2276 512 2293 413 2302 415 2330"/></Shape>
	    <String CONTENT="ausquels contran et prois vabal aisdattés laditte donataire pourra avoir recrurs au besoin pour"
                    HPOS="413"
                    VPOS="2209"
                    WIDTH="1975"
                    HEIGHT="148"
                    WC="0.9628741600011524"></String>
          </TextLine>
          <TextLine ID="eSc_line_58e435f5"
                    TAGREFS="LT323"
                    BASELINE="416 2386 592 2381 1123 2343 1483 2327 1758 2321 2390 2326" 
                    HPOS="413"
                    VPOS="2272"
                    WIDTH="1977"
                    HEIGHT="134">
            <Shape><Polygon POINTS="416 2386 416 2406 668 2399 670 2399 671 2399 688 2392 878 2392 896 2392 898 2392 899 2392 900 2392 954 2366 1071 2359 1116 2365 1117 2365 1174 2357 1285 2359 1286 2359 1623 2344 1658 2352 1659 2352 1661 2352 1662 2352 1690 2343 1751 2343 1800 2359 1801 2359 1803 2359 1804 2359 1848 2347 1983 2358 2015 2361 2017 2361 2018 2361 2027 2357 2079 2331 2120 2331 2191 2350 2193 2350 2194 2350 2196 2350 2229 2337 2263 2350 2270 2352 2272 2352 2273 2352 2388 2345 2390 2326 2386 2286 2212 2290 2211 2290 2181 2278 2180 2278 2134 2276 2132 2276 2131 2276 2087 2295 2013 2295 1946 2274 1945 2274 1944 2274 1942 2274 1890 2289 1835 2272 1834 2272 1832 2272 1831 2272 1796 2281 1676 2276 1675 2276 1673 2276 1641 2289 1607 2279 1606 2279 1604 2279 1319 2286 1188 2312 1020 2303 1019 2303 1017 2303 993 2313 899 2313 898 2313 896 2313 865 2326 717 2317 716 2317 602 2337 413 2341 416 2386"/></Shape>
	    <String CONTENT="connaitre la téra des pottessents entre et depais les coisanconnairée juqni ce jour dispousant"
                    HPOS="413"
                    VPOS="2272"
                    WIDTH="1977"
                    HEIGHT="134"
                    WC="0.9576166541652477"></String>
          </TextLine>
          <TextLine ID="eSc_line_b4407e20"
                    TAGREFS="LT323"
                    BASELINE="416 2444 1445 2388 1649 2382 2391 2382" 
                    HPOS="413"
                    VPOS="2324"
                    WIDTH="1978"
                    HEIGHT="141">
            <Shape><Polygon POINTS="2227 2326 2225 2326 2224 2326 2197 2338 2131 2343 2079 2324 2077 2324 2076 2324 2074 2324 2025 2347 2021 2348 1993 2348 1844 2343 1842 2343 1794 2354 1741 2335 1739 2335 1738 2335 1737 2335 1700 2344 1609 2337 1607 2337 1606 2337 1580 2348 1554 2338 1552 2338 1551 2338 1014 2358 1013 2358 938 2382 920 2389 833 2390 822 2386 808 2381 806 2381 805 2381 803 2381 781 2388 761 2395 413 2399 416 2444 416 2465 617 2449 765 2454 767 2454 768 2454 770 2454 837 2435 909 2448 910 2448 1009 2424 1081 2438 1082 2438 1203 2416 1597 2403 1666 2410 1668 2410 1669 2410 1704 2400 1772 2407 1773 2407 1775 2407 1808 2396 1929 2407 1931 2407 1989 2395 2038 2407 2039 2407 2041 2407 2042 2407 2083 2396 2117 2404 2118 2404 2120 2404 2390 2395 2391 2382 2387 2335 2266 2338 2228 2326 2227 2326"/></Shape>
	    <String CONTENT="edostreur d&#x27;une plas ample desmiptits et étant la ditt donatrice contente ce talisfait dude"
                    HPOS="413"
                    VPOS="2324"
                    WIDTH="1978"
                    HEIGHT="141"
                    WC="0.9654177944738787"></String>
          </TextLine>
          <TextLine ID="eSc_line_1e4ee494"
                    TAGREFS="LT323"
                    BASELINE="419 2507 754 2499 1155 2469 1535 2452 2063 2458 2380 2451" 
                    HPOS="416"
                    VPOS="2400"
                    WIDTH="1964"
                    HEIGHT="127">
            <Shape><Polygon POINTS="419 2507 419 2527 650 2514 786 2516 851 2516 853 2516 867 2513 924 2499 968 2510 979 2511 981 2511 1078 2510 1079 2510 1096 2506 1137 2493 1210 2497 1212 2497 1213 2497 1244 2490 1486 2492 1495 2492 1496 2492 1497 2492 1523 2482 1628 2480 1670 2486 1700 2490 1701 2490 1845 2480 1853 2480 1858 2480 1946 2487 1948 2487 2065 2485 2066 2485 2090 2475 2177 2482 2179 2482 2379 2462 2380 2451 2376 2411 1955 2421 1951 2421 1863 2416 1862 2416 1861 2416 1842 2424 1689 2400 1687 2400 1423 2414 1297 2410 1296 2410 1121 2417 1120 2417 1086 2427 1038 2417 1037 2417 1036 2417 962 2441 929 2431 927 2431 926 2431 924 2431 893 2444 834 2426 833 2426 831 2426 830 2426 757 2448 657 2448 639 2440 637 2440 636 2440 634 2440 613 2449 551 2445 550 2445 416 2461 419 2507"/></Shape>
	    <String CONTENT="terrané, pour par laditte marie Louis Etrrese joir faire et disparer entoute propréété deu"
                    HPOS="416"
                    VPOS="2400"
                    WIDTH="1964"
                    HEIGHT="127"
                    WC="0.959649387995402"></String>
          </TextLine>
        </TextBlock>
        <TextBlock HPOS="2412"
                   VPOS="50"
                   WIDTH="10"
                   HEIGHT="4"
                   ID="eSc_textblock_c2df3e41"
                   TAGREFS="BT475">
          <Shape><Polygon POINTS="2415 50 2422 50 2422 54 2412 54 2415 50"/></Shape>
        </TextBlock>
        <TextBlock HPOS="2415"
                   VPOS="61"
                   WIDTH="18"
                   HEIGHT="16"
                   ID="eSc_textblock_a5e92231"
                   TAGREFS="BT475">
          <Shape><Polygon POINTS="2415 61 2433 67 2433 71 2418 77 2415 61"/></Shape>
        </TextBlock>
      </PrintSpace>
    </Page>
  </Layout>
</alto>
