2700 2479
546 1 1432 87 au cecutre empectements lun detautie et n

538 90 900 128 bieus Suivant la contume

533 70 2122 238 Cefut ainsi faii et dicté nommé par ledit testirleur a Pierre

535 148 2118 263 qus Bali notaire publie demeurant encelle ville ruicle, llio pelat

531 257 2095 247 aat Cet Bemard Dupaus Machand dom curant en cette ville

526 359 2125 262 uu aatonale et au cet Gaspard simonnet demeurant aussi

2216 468 174 82 elles

2402 447 286 97 an parair

527 515 1631 180 ruc nationale temoins pour ce riquist et exprés et

519 583 2058 211 desquels le present testamient ayant eté lu et rolec un niol

2412 652 183 77 Vet

537 761 935 127 après lauts audée testaleur

1496 659 885 181 la declaré pessestée et etre

2407 747 191 69 e le

530 769 1846 233 denieres volontés, revoépeant tous autres testaments

519 834 2088 265 codicilles autrrieurs au pésent fait et passé du Beuet a

2505 980 113 85 le

517 908 2082 305 la requisition du diee testateur Loit du nord ercest o leele

513 1056 1824 246 france le quentidi dle la prenmiere decaite de nevs

519 1275 372 113 lan qualte

943 1107 1729 241 dle la Republique farceaise une et indévésible avout

476 1357 632 131 de la moitie da jour.

1180 1209 1397 187 tetestatear a Signé avec les temonis et le

527 1283 2155 288 notairr ani signés cheron Dsyans Lemosiet et Balu Ceellationne

527 1534 532 168 Sigut Deville fels

997 1477 1624 219 Emegistré par moi Griffier du Cibieus iend Souneue

1034 1579 1586 218 Sien une expeditiond dadt tatament de posé au Guffe

1055 1695 1567 213 du hibunal de paux laditte expédition par moi rendue

1052 1797 1598 210 après mention faite Sur ccelle ece présent sgregistrement

1056 1987 565 116 Aufort du More ouet

1633 1906 952 136 Jlece france le quatre reutose

1055 1969 1545 249 an quatre, de la Republique francaise une et ue les

1735 2140 248 85 Bunon

1985 2131 27 83 9

183 2364 472 113 res du Cestament

1055 2337 979 140 de publées al Jsle de France soussignés

2049 2408 485 69 Jsle demaerant
