2983 2479
490 1 292 59 Dus Segae

464 1 865 161 La loi lui Pereet de disposer

1590 1 611 114 Servivant des favar

502 46 1070 208 Pour desdits Bieur Ausi donnés le dit

494 44 2210 294 le dipoleu entoute Propriété ecomme on lue Secabler a Prepte da jour

453 241 1200 207 du dcés du Presmautant des faturd.

537 236 2127 281 Cesdonnation faitit Pourve qu'au jour dudécés du Frémourand des fatars

417 369 2297 263 dngaie aumur enfent aivant né ou ancaitre du futur mariage; mais il yeu aven

410 451 2261 269 et quils veufont enomite a drceder en munorité ou en majonté luis avecr été pourvir par

413 526 2321 250 manage a autrement, et aons anoir valablement, disposé de leurs biene, la ditte donation

407 619 1933 245 reprendra son ancooné fous et verta comme vil ay avait peant au denfau.

405 753 1282 186 Et pour faire nregistrer et mannau ces presentes le

815 786 1928 195 langisté par moi Guffiur dchibimal civd toussigné sur une expedition de de

836 875 1918 177 contrat de managé à moi présenté aut effec et de Suite rendu après mention faite

834 1002 749 114 Sur calte du paseat ennegistrement.

2335 1041 213 64 Vussun

828 1002 1413 193 Antot du noid aust Jilede fanré le donre Focalan 4

1974 1159 51 72 9

629 1170 1333 174 Du Caitre de la Sataimt ce Daivoie Lan G^re

467 1251 2299 240 Le Soussiqné Conse derant la prtlude de la Mort le Vincersitade de thrur

436 1424 1169 163 ay fait nonhotanmel ainsi qu'il suit,

1376 1457 1392 158 ne Estainne ematante des deseur noirs ou

529 1547 833 151 ledonne le leque a la Ce

469 1559 2293 231 negreste ou acgritte telle aus umon Epanmtaure sestamentaire universel les avt

119 1637 2635 275 Detamenl Clabté danr le partage qu'il doit. Lefaire suisnt ve intertion qui Sit

67 1895 296 115 De toutou

403 1720 2362 268 Se devsas Sipules je donné à Ma grandi aaire Pe Roussilliere deux Dous Porteur quel

440 1816 2311 241 Choitira un quene vir adeu puêgrene se lesmoirs quelle prendra aur des Sennet

67 2056 340 106 E le 22 Suin

429 1904 2329 240 Elle trendra de pre serenme lears feunes, pour que les samilles ne toit Pas lépares.

78 2156 141 95 1129

429 2020 2197 260 daur le Car, aie ma bone gronde mme nant Vieudloit a Mourir a vant aaag

304 2268 19 91 6

1386 2360 84 105 16
