<?xml version="1.0" encoding="UTF-8"?>
<alto xmlns:xsi="http://www.w3.org/2001/XMLSchema-instance"
      xmlns="http://www.loc.gov/standards/alto/ns-v4#"
      xsi:schemaLocation="http://www.loc.gov/standards/alto/ns-v4# http://www.loc.gov/standards/alto/v4/alto-4-2.xsd">
  <Description>
    <MeasurementUnit>pixel</MeasurementUnit>
    <sourceImageInformation>
      <fileName>JK13_1.pdf_page_34.png</fileName>
      <fileIdentifier>pdf//JK13_1.pdf</fileIdentifier>
    </sourceImageInformation>
  </Description>
  <Tags>
    <OtherTag ID="BT7" LABEL="CustomZone" DESCRIPTION="block type CustomZone"/><OtherTag ID="BT8" LABEL="DamageZone" DESCRIPTION="block type DamageZone"/><OtherTag ID="BT12" LABEL="MainZone" DESCRIPTION="block type MainZone"/><OtherTag ID="BT13" LABEL="MarginTextZone" DESCRIPTION="block type MarginTextZone"/><OtherTag ID="BT15" LABEL="NumberingZone" DESCRIPTION="block type NumberingZone"/><OtherTag ID="BT17" LABEL="QuireMarksZone" DESCRIPTION="block type QuireMarksZone"/><OtherTag ID="BT469" LABEL="CustomZone:closer" DESCRIPTION="block type CustomZone:closer"/><OtherTag ID="BT470" LABEL="CustomZone:paraph" DESCRIPTION="block type CustomZone:paraph"/><OtherTag ID="BT471" LABEL="DigitizationArtefactZone:fingers" DESCRIPTION="block type DigitizationArtefactZone:fingers"/><OtherTag ID="BT472" LABEL="NumberingZone:document" DESCRIPTION="block type NumberingZone:document"/><OtherTag ID="BT473" LABEL="NumberingZone:folio" DESCRIPTION="block type NumberingZone:folio"/><OtherTag ID="BT474" LABEL="NumberingZone:page" DESCRIPTION="block type NumberingZone:page"/><OtherTag ID="BT475" LABEL="text" DESCRIPTION="block type text"/>
    <OtherTag ID="LT8" LABEL="DefaultLine" DESCRIPTION="line type DefaultLine"/><OtherTag ID="LT10" LABEL="HeadingLine" DESCRIPTION="line type HeadingLine"/><OtherTag ID="LT11" LABEL="InterlinearLine" DESCRIPTION="line type InterlinearLine"/><OtherTag ID="LT323" LABEL="default" DESCRIPTION="line type default"/>
  </Tags>
  <Layout>
    <Page WIDTH="3058"
          HEIGHT="2479"
          PHYSICAL_IMG_NR="33"
          ID="eSc_dummypage_">
      <PrintSpace HPOS="0"
                  VPOS="0"
                  WIDTH="3058"
                  HEIGHT="2479">
        <TextBlock HPOS="143"
                   VPOS="0"
                   WIDTH="2880"
                   HEIGHT="2450"
                   ID="eSc_textblock_e50e540e"
                   TAGREFS="BT475">
          <Shape><Polygon POINTS="622 0 3012 0 2990 154 3012 242 3007 373 2968 549 2935 577 2727 615 2709 643 2628 632 2523 654 2478 683 2472 731 2417 776 2440 820 2951 820 3001 853 3023 1035 3001 1167 3023 1452 2951 1618 3001 1652 3018 1739 2990 1873 3007 2114 2973 2169 2940 2191 2670 2240 1823 2317 1789 2363 1783 2433 1701 2450 1630 2444 1602 2367 1531 2367 1475 2328 710 2323 677 2301 655 2257 655 1889 622 1801 577 1755 506 1739 573 1722 562 1553 473 1530 444 1419 170 1381 143 1265 165 1002 252 997 329 958 358 919 506 953 593 953 637 931 687 958 747 936 798 880 776 826 831 764 798 501 758 472 606 461 562 373 562 286 611 191 622 0"/></Shape>
          <TextLine ID="eSc_line_c094a2fa"
                    TAGREFS="LT323"
                    BASELINE="626 70 820 59 1272 11" 
                    HPOS="623"
                    VPOS="1"
                    WIDTH="649"
                    HEIGHT="95">
            <Shape><Polygon POINTS="1227 1 1213 1 1199 1 1186 1 1172 1 1158 1 1144 1 1130 1 1117 1 1103 1 1089 1 1075 1 1062 1 1048 1 1034 1 1027 1 1009 12 979 13 944 1 936 1 922 1 913 1 893 11 820 5 819 5 818 5 816 5 816 6 805 16 781 9 779 9 778 9 721 15 720 15 719 15 719 16 717 16 705 31 679 19 677 19 676 19 650 22 648 22 647 22 647 23 623 46 626 70 629 96 650 85 661 92 666 96 668 96 669 96 670 96 708 92 709 92 721 85 741 75 754 82 764 86 765 86 767 86 768 86 808 75 831 70 849 71 892 74 893 74 895 74 896 74 907 64 914 57 984 55 1158 48 1159 48 1161 48 1161 46 1162 46 1172 34 1174 31 1272 22 1272 11 1234 1 1227 1"/></Shape>
	    <String CONTENT="deud. a laMaison Communte"
                    HPOS="623"
                    VPOS="1"
                    WIDTH="649"
                    HEIGHT="95"
                    WC="0.9531240975856781"></String>
          </TextLine>
          <TextLine ID="eSc_line_b0156293"
                    TAGREFS="LT323"
                    BASELINE="630 155 1289 92 1672 27 1785 17" 
                    HPOS="625"
                    VPOS="1"
                    WIDTH="1161"
                    HEIGHT="167">
            <Shape><Polygon POINTS="1776 1 1761 1 1748 1 1734 1 1720 1 1706 1 1692 1 1683 1 1679 5 1652 8 1614 12 1613 12 1582 1 1582 1 1568 1 1555 1 1541 1 1527 1 1520 1 1454 28 1449 30 1444 28 1422 22 1421 22 1420 22 1418 22 1417 22 1398 34 1391 38 1250 53 1232 50 1166 38 1165 38 1163 38 1132 50 1060 52 1059 52 1057 52 1044 64 1012 56 1011 56 1009 56 888 70 887 70 851 89 827 101 803 93 771 84 770 84 768 84 720 89 719 89 717 89 694 104 674 95 673 95 672 95 670 95 669 95 652 110 625 111 630 155 632 168 892 152 962 137 998 140 1000 140 1001 140 1051 122 1070 129 1071 129 1073 129 1154 119 1155 119 1181 108 1203 117 1205 117 1206 117 1303 106 1367 97 1369 97 1370 97 1370 96 1380 88 1394 95 1395 95 1396 95 1398 95 1399 95 1411 85 1443 89 1444 89 1446 89 1447 89 1472 74 1517 77 1519 77 1520 77 1568 63 1568 61 1786 37 1785 17 1782 1 1776 1"/></Shape>
	    <String CONTENT="demd. a Candand Tous temons Majeurs sout"
                    HPOS="625"
                    VPOS="1"
                    WIDTH="1161"
                    HEIGHT="167"
                    WC="0.9553615175187588"></String>
          </TextLine>
          <TextLine ID="eSc_line_ad928022"
                    TAGREFS="LT323"
                    BASELINE="628 246 1431 159 1563 129 1798 99 1881 79 2103 53 2267 24 2538 9" 
                    HPOS="622"
                    VPOS="1"
                    WIDTH="1918"
                    HEIGHT="273">
            <Shape><Polygon POINTS="2524 1 2509 1 2495 1 2482 1 2468 1 2454 1 2440 1 2427 1 2413 1 2399 1 2385 1 2372 1 2369 1 2356 4 2338 1 2330 1 2316 1 2303 1 2289 1 2275 1 2270 2 2217 1 2205 1 2191 1 2177 1 2164 1 2158 1 2104 27 2051 12 2049 12 2048 12 1997 17 1877 31 1876 31 1855 42 1818 41 1816 41 1815 41 1782 57 1728 48 1727 48 1688 52 1687 52 1686 52 1658 68 1617 61 1615 61 1552 67 1551 67 1515 85 1480 75 1479 75 1478 75 1405 84 1403 84 1296 121 1272 119 1271 119 1270 119 1268 119 1243 134 1242 136 1082 152 1081 152 1030 139 1028 139 1027 139 998 141 997 141 943 168 942 169 721 192 719 192 666 180 665 180 663 180 622 202 628 246 630 274 662 261 680 265 681 265 683 265 684 265 754 246 779 250 781 250 782 250 830 232 893 227 966 232 997 234 998 234 1099 223 1100 223 1151 207 1202 194 1250 195 1318 198 1319 198 1321 198 1358 181 1363 179 1435 169 1451 169 1501 172 1502 172 1504 172 1534 159 1541 155 1622 144 1636 145 1695 154 1697 154 1698 154 1760 137 1804 144 1805 144 2016 121 2018 121 2074 89 2093 78 2252 61 2265 64 2285 68 2286 68 2287 68 2304 59 2315 53 2540 28 2538 9 2534 1 2524 1"/></Shape>
	    <String CONTENT="Jastoque ayant Declaes nel Satoin faire, du par hapillion, Poire qreanor"
                    HPOS="622"
                    VPOS="1"
                    WIDTH="1918"
                    HEIGHT="273"
                    WC="0.9608521850572692"></String>
          </TextLine>
          <TextLine ID="eSc_line_3aec52bc"
                    TAGREFS="LT323"
                    BASELINE="608 344 706 341 876 316 1045 302 1500 250 1662 218 1940 185 2147 151 2986 60" 
                    HPOS="601"
                    VPOS="9"
                    WIDTH="2385"
                    HEIGHT="358">
            <Shape><Polygon POINTS="608 344 610 367 903 323 950 327 955 327 957 327 958 327 968 325 1024 311 1084 311 1114 311 1115 311 1198 297 1264 285 1355 278 1589 257 1590 257 1629 243 1652 235 1712 234 1739 232 1741 232 1749 229 1778 217 1838 218 1913 220 1914 220 1916 220 1978 201 1990 198 2009 198 2034 198 2034 196 2035 196 2044 194 2075 177 2300 152 2344 155 2345 155 2347 155 2373 144 2615 117 2643 119 2677 123 2679 123 2680 123 2705 112 2723 103 2986 77 2986 60 2978 9 2826 9 2825 9 2573 41 2571 41 2534 57 2490 48 2489 48 2223 78 2221 78 2133 111 2089 129 2006 137 1975 130 1925 119 1924 119 1922 119 1854 145 1819 158 1792 154 1790 154 1789 154 1763 166 1658 177 1626 173 1577 166 1575 166 1574 166 1494 190 1451 201 1431 196 1358 181 1356 181 1355 181 1268 216 1117 225 1115 225 1070 241 1052 247 898 264 888 263 858 257 856 257 765 278 750 280 742 280 703 278 702 278 601 297 608 344"/></Shape>
	    <String CONTENT="offecer Publie, fottationne Par moi oJfinise Salie Soussigne Cla le egistre fourant la"
                    HPOS="601"
                    VPOS="9"
                    WIDTH="2385"
                    HEIGHT="358"
                    WC="0.9662618041038513"></String>
          </TextLine>
          <TextLine ID="eSc_line_21cd0e1b"
                    TAGREFS="LT323"
                    BASELINE="1679 315 1736 302 1854 291 1968 267 2158 249 2491 203 2932 176" 
                    HPOS="1673"
                    VPOS="132"
                    WIDTH="1259"
                    HEIGHT="204">
            <Shape><Polygon POINTS="1679 315 1680 336 1741 331 1742 331 1743 331 1745 330 1759 320 1776 326 1782 327 1783 327 1785 327 1973 309 1975 309 1976 309 1990 301 2045 268 2099 275 2100 275 2102 275 2103 275 2118 263 2183 267 2184 267 2186 267 2217 252 2270 258 2271 258 2272 258 2318 241 2409 236 2438 247 2473 261 2475 261 2476 261 2478 261 2519 246 2593 249 2595 249 2596 249 2597 249 2635 224 2657 210 2694 213 2695 213 2697 213 2720 205 2737 212 2739 213 2741 213 2742 213 2743 213 2752 210 2792 195 2932 188 2932 176 2928 145 2823 155 2821 155 2730 132 2728 132 2727 132 2726 132 2724 132 2688 155 2677 150 2676 150 2675 150 2673 150 2672 150 2653 163 2626 161 2625 161 2624 161 2568 180 2566 180 2563 180 2515 174 2513 174 2512 174 2478 188 2458 179 2457 179 2456 179 2420 184 2387 172 2385 172 2384 172 2383 172 2351 180 2257 177 2256 177 2254 177 2253 177 2245 184 2223 180 2221 180 2020 199 2019 199 1949 239 1947 241 1910 243 1869 246 1838 234 1837 234 1836 234 1834 234 1833 234 1810 247 1790 239 1789 239 1787 239 1786 239 1748 257 1712 250 1710 250 1709 250 1673 264 1679 315"/></Shape>
	    <String CONTENT="ee Eigne ^ᵉ Matgoutér off pullés"
                    HPOS="1673"
                    VPOS="132"
                    WIDTH="1259"
                    HEIGHT="204"
                    WC="0.957475271075964"></String>
          </TextLine>
          <TextLine ID="eSc_line_865f2815"
                    TAGREFS="LT323"
                    BASELINE="615 437 803 422 1121 380 1530 341 1657 320" 
                    HPOS="610"
                    VPOS="274"
                    WIDTH="1048"
                    HEIGHT="184">
            <Shape><Polygon POINTS="617 458 710 457 712 457 713 457 713 455 720 448 728 442 742 447 757 451 758 451 760 451 761 451 779 443 800 432 843 436 852 436 854 436 855 436 865 433 911 418 928 426 938 431 939 431 940 431 976 428 978 428 995 420 1017 409 1042 414 1051 415 1052 415 1053 415 1055 415 1059 413 1077 400 1106 407 1110 407 1111 407 1113 407 1115 406 1143 392 1318 381 1319 381 1343 371 1388 374 1389 374 1391 374 1409 366 1433 371 1454 375 1455 375 1502 370 1504 370 1505 370 1505 369 1512 363 1520 355 1531 360 1537 363 1538 363 1540 363 1541 363 1542 363 1542 362 1544 362 1545 359 1549 355 1567 358 1593 360 1595 360 1658 347 1657 320 1651 275 1574 274 1573 274 1571 274 1570 274 1555 285 1542 293 1523 287 1505 282 1504 282 1502 282 1501 282 1500 282 1500 283 1491 290 1472 309 1446 296 1436 290 1435 290 1433 290 1283 305 1282 305 1281 305 1281 307 1272 314 1242 341 1143 352 1107 353 1074 333 1073 331 1071 331 1070 331 1068 331 1067 331 1066 331 1063 334 1027 364 965 370 936 356 935 356 933 356 932 356 931 356 931 358 911 377 841 384 818 378 816 378 815 378 814 378 776 391 743 380 742 380 741 380 739 380 738 380 738 381 721 396 698 381 697 381 695 381 665 380 663 380 662 380 661 380 637 393 610 381 615 437 617 458"/></Shape>
	    <String CONTENT="mou Touvoir Les jour mois aus lieir que der"
                    HPOS="610"
                    VPOS="274"
                    WIDTH="1048"
                    HEIGHT="184"
                    WC="0.9736100449118503"></String>
          </TextLine>
          <TextLine ID="eSc_line_8a938b5e"
                    TAGREFS="LT323"
                    BASELINE="827 494 1181 464 1279 447 1551 422 2511 312 2749 293 2986 287" 
                    HPOS="822"
                    VPOS="220"
                    WIDTH="2164"
                    HEIGHT="299">
            <Shape><Polygon POINTS="827 494 829 513 849 519 851 519 852 519 876 509 891 502 907 505 939 512 940 512 942 512 972 501 1020 509 1022 509 1133 497 1135 497 1173 479 1180 475 1232 468 1250 471 1294 479 1296 479 1399 469 1400 469 1442 451 1467 440 1534 442 1600 443 1602 443 1688 425 1770 410 1830 411 1888 413 1889 413 1978 396 1982 396 1984 396 2070 398 2071 398 2073 398 2117 382 2161 366 2495 333 2527 340 2549 345 2551 345 2552 345 2580 334 2619 319 2669 315 2703 322 2735 329 2737 329 2832 309 2947 307 2949 307 2986 293 2986 287 2979 228 2905 234 2841 220 2840 220 2838 220 2702 256 2633 242 2632 242 2467 271 2425 264 2424 264 2276 279 2187 289 2186 289 2146 308 2114 302 2113 302 2111 302 2066 314 1956 314 1954 314 1953 314 1884 342 1883 344 1728 359 1727 359 1665 347 1663 347 1508 380 1417 377 1416 377 1414 377 1384 386 1338 378 1337 378 1336 378 1294 398 1246 398 1245 398 1243 398 1212 414 1096 421 1041 414 1039 414 1038 414 980 437 979 439 822 454 827 494"/></Shape>
	    <String CONTENT="Euregistie par moi Greffier dutibunat uvil dle la Colonie dtelfsle de Ffrance"
                    HPOS="822"
                    VPOS="220"
                    WIDTH="2164"
                    HEIGHT="299"
                    WC="0.9762134575224543"></String>
          </TextLine>
          <TextLine ID="eSc_line_56e70933"
                    TAGREFS="LT323"
                    BASELINE="848 555 1057 548 1509 497 1782 475 2048 437 2377 407 2534 385 2779 374 2980 371" 
                    HPOS="843"
                    VPOS="312"
                    WIDTH="2137"
                    HEIGHT="276">
            <Shape><Polygon POINTS="848 555 851 588 917 575 942 581 943 581 944 581 957 579 1125 557 1152 561 1155 561 1157 561 1158 561 1162 560 1214 548 1243 553 1247 553 1249 553 1443 535 1444 535 1447 534 1468 526 1549 526 1564 526 1564 524 1566 524 1573 523 1719 486 1774 495 1775 495 1932 465 2102 464 2103 464 2144 447 2184 450 2186 450 2278 436 2316 442 2318 442 2473 417 2562 422 2563 422 2564 422 2610 403 2778 389 2980 392 2980 371 2973 320 2903 326 2900 326 2830 312 2829 312 2827 312 2764 336 2713 325 2712 325 2662 327 2421 349 2420 349 2345 375 2338 377 2332 377 2278 367 2276 367 2275 367 2217 386 2206 389 2197 388 2146 381 2144 381 2143 381 2114 395 2029 385 2027 385 1924 396 1922 396 1860 418 1838 425 1812 422 1800 421 1798 421 1770 426 1703 437 1680 433 1661 431 1659 431 1658 431 1643 437 1632 442 1619 439 1593 433 1592 433 1590 433 1566 444 1544 454 1318 473 1282 469 1263 466 1261 466 1260 466 1239 472 1202 483 1177 477 1161 475 1159 475 1158 475 1144 480 1119 493 1028 499 966 497 887 493 885 493 884 493 843 506 848 555"/></Shape>
	    <String CONTENT="soussigné Sur lexpealition du du acte a mai presentée aut effec et dessute"
                    HPOS="843"
                    VPOS="312"
                    WIDTH="2137"
                    HEIGHT="276"
                    WC="0.9764692831683803"></String>
          </TextLine>
          <TextLine ID="eSc_line_774c83af"
                    TAGREFS="LT323"
                    BASELINE="848 622 1285 597 1628 561 1852 545 2358 490 2602 472" 
                    HPOS="845"
                    VPOS="425"
                    WIDTH="1759"
                    HEIGHT="226">
            <Shape><Polygon POINTS="848 622 849 640 917 636 921 636 961 650 962 650 964 651 1011 651 1011 650 1136 639 1137 639 1139 639 1162 623 1274 610 1304 605 1333 605 1359 605 1384 615 1385 615 1387 615 1467 610 1468 610 1516 592 1546 581 1586 586 1617 590 1618 590 1619 590 1633 583 1646 577 1668 581 1680 582 1681 582 1683 582 1690 578 1701 572 1725 577 1732 577 1734 577 1749 574 1815 561 1874 564 1938 568 1939 568 1940 568 1962 559 1991 544 2082 538 2121 546 2125 546 2126 546 2133 545 2238 520 2372 520 2373 520 2457 501 2604 509 2602 472 2595 425 2524 431 2523 431 2520 432 2476 450 2449 440 2447 440 2446 440 2445 440 2411 448 2351 448 2321 448 2319 448 2296 454 2224 471 2140 469 2128 469 2126 469 2125 469 2121 471 2095 483 2070 480 2068 480 1990 497 1960 498 1931 490 1916 484 1914 484 1913 484 1911 484 1889 494 1858 506 1815 501 1812 501 1811 501 1803 502 1721 519 1701 512 1680 505 1679 505 1677 505 1581 513 1579 513 1553 527 1548 528 1542 527 1509 520 1508 520 1455 524 1454 524 1413 539 1392 549 1128 571 1115 570 1090 564 1089 564 1088 564 1068 574 1060 578 983 583 978 582 939 571 938 571 936 571 935 571 906 582 877 579 876 579 874 579 845 593 848 622"/></Shape>
	    <String CONTENT="rendue affrer mention faite Sui ccelle du present enregistiement"
                    HPOS="845"
                    VPOS="425"
                    WIDTH="1759"
                    HEIGHT="226"
                    WC="0.9628055915236473"></String>
          </TextLine>
          <TextLine ID="eSc_line_a833a7eb"
                    TAGREFS="LT323"
                    BASELINE="854 699 1337 674 1698 641 1844 618 2205 575 2376 567 2552 549 2942 534" 
                    HPOS="849"
                    VPOS="480"
                    WIDTH="2094"
                    HEIGHT="234">
            <Shape><Polygon POINTS="854 699 854 712 925 714 927 714 928 714 953 705 958 703 962 705 983 710 984 710 986 710 987 710 1017 701 1035 695 1060 698 1115 703 1117 703 1256 685 1309 692 1311 692 1511 670 1725 662 1774 658 1775 658 1811 644 1819 641 1858 641 1889 641 1889 640 1891 640 1898 637 1927 628 1968 633 2012 639 2013 639 2015 639 2041 628 2085 608 2287 594 2355 599 2356 599 2358 599 2409 585 2607 571 2699 581 2753 586 2754 586 2756 586 2783 575 2810 564 2865 568 2907 572 2909 572 2910 572 2943 563 2942 534 2936 480 2779 494 2778 494 2705 519 2655 504 2654 504 2653 504 2651 504 2642 505 2597 515 2577 510 2551 505 2549 505 2462 512 2461 512 2436 523 2435 523 2429 523 2343 520 2341 520 2164 541 2060 541 2059 541 1969 563 1946 568 1924 567 1855 561 1854 561 1852 561 1811 577 1803 581 1710 590 1691 588 1657 581 1655 581 1654 581 1607 594 1590 599 1563 599 1515 597 1513 597 1512 597 1497 604 1473 615 1325 625 1309 621 1294 615 1293 615 1292 615 1290 615 1256 625 1230 633 1026 647 1017 645 972 636 971 636 969 636 924 654 922 655 849 659 854 699"/></Shape>
	    <String CONTENT="au soit autord aunt d le defrance le vingt treuir messidict au qualie"
                    HPOS="849"
                    VPOS="480"
                    WIDTH="2094"
                    HEIGHT="234"
                    WC="0.9648757240046626"></String>
          </TextLine>
          <TextLine ID="eSc_line_16290d93"
                    TAGREFS="LT323"
                    BASELINE="858 751 1407 725 1856 687 2351 685" 
                    HPOS="855"
                    VPOS="633"
                    WIDTH="1496"
                    HEIGHT="147">
            <Shape><Polygon POINTS="1336 676 1332 676 1297 691 1144 687 1143 687 1141 687 1124 696 1070 688 1062 689 1048 689 1034 691 1026 691 980 703 957 694 951 695 947 695 917 707 893 701 892 701 891 701 889 701 855 710 858 751 858 769 921 762 939 767 983 780 984 780 986 780 1239 769 1241 769 1265 757 1286 767 1287 767 1289 767 1421 761 1422 761 1424 761 1439 751 1493 758 1494 758 1495 758 1549 736 1573 727 1675 729 1680 729 1681 729 1683 729 1725 713 1787 721 1789 721 1856 706 1975 702 1991 709 1993 709 1994 709 2037 699 2091 709 2108 712 2110 712 2132 706 2192 692 2228 702 2257 710 2259 710 2260 710 2261 710 2299 698 2310 695 2348 695 2351 685 2348 647 2307 647 2270 633 2268 633 2267 633 2001 644 2000 644 1965 661 1906 665 1843 651 1841 651 1775 661 1716 656 1714 656 1713 656 1679 674 1500 674 1498 674 1376 687 1341 674 1336 676"/></Shape>
	    <String CONTENT="dele Nepablique francaise uni et rud Bunons"
                    HPOS="855"
                    VPOS="633"
                    WIDTH="1496"
                    HEIGHT="147"
                    WC="0.9735087419665137"></String>
          </TextLine>
          <TextLine ID="eSc_line_429f9123"
                    TAGREFS="LT323"
                    BASELINE="818 987 928 984 1263 950 1458 940 2040 874 2310 853" 
                    HPOS="811"
                    VPOS="797"
                    WIDTH="1500"
                    HEIGHT="227">
            <Shape><Polygon POINTS="818 987 822 1024 858 1006 957 1006 957 1005 958 1005 960 1005 976 992 1044 987 1077 994 1078 994 1079 994 1081 994 1101 980 1344 964 1413 950 1472 961 1479 961 1480 961 1482 961 1487 958 1502 951 1577 950 1604 948 1606 948 1607 948 1608 947 1635 929 1692 939 1698 939 1699 939 1701 939 1706 937 1772 915 1844 922 1845 922 1847 922 1883 906 1967 910 1968 910 2027 896 2053 902 2055 902 2311 877 2310 853 2301 797 2226 804 2220 804 2184 797 2183 797 2181 797 2158 809 2157 809 2154 809 2097 797 2096 797 2059 804 2035 798 2034 798 2033 798 2031 798 2006 809 1947 805 1946 805 1944 805 1870 834 1848 842 1801 841 1800 841 1712 856 1687 851 1686 851 1684 851 1683 851 1681 851 1655 862 1586 859 1540 858 1538 858 1537 858 1522 864 1498 877 1396 888 1367 878 1362 877 1360 877 1359 877 1315 882 1278 871 1276 871 1275 871 1274 871 1210 888 1158 884 1157 884 1155 884 1135 893 1113 888 1111 888 1110 888 877 911 876 911 874 911 858 924 844 933 811 928 818 987"/></Shape>
	    <String CONTENT="Ardevont Lesnoe publies a l&#x27;Jsle de Franc Soussignés"
                    HPOS="811"
                    VPOS="797"
                    WIDTH="1500"
                    HEIGHT="227"
                    WC="0.9452075958251953"></String>
          </TextLine>
          <TextLine ID="eSc_line_547eaac0"
                    TAGREFS="LT323"
                    BASELINE="162 1072 526 1035 625 1030" 
                    HPOS="159"
                    VPOS="976"
                    WIDTH="466"
                    HEIGHT="118">
            <Shape><Polygon POINTS="159 1054 162 1072 163 1088 174 1094 176 1094 177 1094 179 1094 180 1094 221 1078 224 1078 232 1078 359 1078 359 1076 360 1076 362 1076 387 1061 388 1061 427 1068 428 1068 429 1068 495 1050 498 1050 500 1050 559 1056 560 1056 562 1056 625 1037 625 1030 617 986 608 992 590 988 588 988 586 988 585 988 584 988 584 990 582 990 577 997 567 991 542 976 541 976 539 976 538 976 468 981 466 981 465 981 453 991 436 990 435 990 433 990 432 990 432 991 415 1008 409 1017 331 1024 319 1019 290 1006 289 1006 287 1006 286 1006 285 1006 285 1008 267 1026 264 1028 258 1026 253 1024 252 1024 250 1024 249 1024 241 1028 231 1034 227 1030 202 1009 201 1009 199 1009 198 1009 177 1010 176 1010 174 1010 174 1012 173 1012 163 1023 159 1054"/></Shape>
	    <String CONTENT="denation de Pierre"
                    HPOS="159"
                    VPOS="976"
                    WIDTH="466"
                    HEIGHT="118"
                    WC="0.9656837152110206"></String>
          </TextLine>
          <TextLine ID="eSc_line_a814e8a0"
                    TAGREFS="LT323"
                    BASELINE="796 1070 1635 1019 2253 969 2596 937 2779 911 2976 897" 
                    HPOS="792"
                    VPOS="851"
                    WIDTH="2186"
                    HEIGHT="235">
            <Shape><Polygon POINTS="796 1070 797 1086 982 1076 1048 1086 1049 1086 1140 1076 1141 1076 1192 1060 1194 1060 1197 1060 1318 1067 1319 1067 1321 1067 1359 1050 1436 1043 1524 1035 1544 1035 1652 1042 1654 1042 1779 1020 1812 1015 1843 1016 1892 1017 1894 1017 1990 1005 2085 994 2125 997 2158 998 2159 998 2260 987 2289 984 2296 984 2351 992 2352 992 2538 979 2540 979 2566 966 2585 957 2735 947 2794 951 2869 955 2870 955 2978 937 2976 897 2971 851 2756 866 2754 866 2746 869 2727 875 2708 873 2699 871 2698 871 2680 874 2618 888 2617 888 2566 911 2523 910 2522 910 2520 910 2498 921 2399 924 2305 906 2272 900 2271 900 2176 907 2175 907 2135 919 2037 953 2006 944 2005 944 2004 944 1920 962 1851 951 1849 951 1848 951 1807 968 1684 968 1683 968 1681 968 1636 984 1493 975 1472 973 1471 973 1469 973 1453 977 1352 1005 1283 1002 1282 1002 1281 1002 1253 1013 1122 1023 1042 1023 1013 1015 978 1003 976 1003 975 1003 888 1026 867 1030 856 1027 838 1023 837 1023 836 1023 792 1032 796 1070"/></Shape>
	    <String CONTENT="fut Présu pierre arnould hab. aux taier Milbiemetenlad sele, denes your at cetta ville a tefer"
                    HPOS="792"
                    VPOS="851"
                    WIDTH="2186"
                    HEIGHT="235"
                    WC="0.926357867552879"></String>
          </TextLine>
          <TextLine ID="eSc_line_1938b505"
                    TAGREFS="LT323"
                    BASELINE="148 1148 697 1108" 
                    HPOS="146"
                    VPOS="1065"
                    WIDTH="551"
                    HEIGHT="105">
            <Shape><Polygon POINTS="148 1148 151 1170 163 1163 206 1165 219 1165 220 1165 221 1165 224 1163 239 1155 276 1158 294 1159 296 1159 297 1159 314 1155 358 1141 406 1140 418 1145 429 1149 431 1149 432 1149 433 1149 461 1141 473 1137 482 1138 506 1144 508 1144 575 1130 584 1129 586 1129 621 1136 622 1136 623 1136 625 1136 639 1123 643 1121 697 1118 697 1108 694 1075 659 1067 658 1067 657 1067 655 1067 628 1079 592 1065 590 1065 589 1065 588 1065 534 1083 502 1067 501 1067 500 1067 498 1067 406 1097 404 1097 351 1078 349 1078 348 1078 298 1082 297 1082 296 1082 296 1083 294 1083 279 1101 238 1110 235 1111 214 1111 213 1111 184 1092 183 1092 181 1092 180 1092 179 1092 177 1092 146 1112 148 1148"/></Shape>
	    <String CONTENT="Arnoule a la nommme"
                    HPOS="146"
                    VPOS="1065"
                    WIDTH="551"
                    HEIGHT="105"
                    WC="0.9783550657724079"></String>
          </TextLine>
          <TextLine ID="eSc_line_50d556ac"
                    TAGREFS="LT323"
                    BASELINE="647 1162 982 1143 1042 1144" 
                    HPOS="644"
                    VPOS="1083"
                    WIDTH="398"
                    HEIGHT="111">
            <Shape><Polygon POINTS="647 1162 648 1194 697 1192 698 1192 699 1192 701 1191 721 1174 793 1183 818 1185 819 1185 820 1185 822 1185 829 1180 849 1163 896 1163 925 1172 936 1174 938 1174 939 1174 940 1174 942 1174 947 1169 960 1159 1041 1160 1042 1144 1037 1083 955 1088 954 1088 953 1088 953 1089 946 1094 939 1104 874 1108 873 1108 823 1126 746 1129 736 1123 708 1103 706 1103 705 1103 703 1103 702 1103 701 1103 662 1133 661 1134 644 1134 647 1162"/></Shape>
	    <String CONTENT="le caqui Suit"
                    HPOS="644"
                    VPOS="1083"
                    WIDTH="398"
                    HEIGHT="111"
                    WC="0.9884662261376014"></String>
          </TextLine>
          <TextLine ID="eSc_line_359ef214"
                    TAGREFS="LT323"
                    BASELINE="2942 1114 2971 1110" 
                    HPOS="2935"
                    VPOS="1067"
                    WIDTH="37"
                    HEIGHT="65">
            <Shape><Polygon POINTS="2942 1114 2943 1132 2972 1127 2971 1110 2962 1067 2935 1068 2942 1114"/></Shape>
	    <String CONTENT="8"
                    HPOS="2935"
                    VPOS="1067"
                    WIDTH="37"
                    HEIGHT="65"
                    WC="0.9999639987945557"></String>
          </TextLine>
          <TextLine ID="eSc_line_cf4476ae"
                    TAGREFS="LT323"
                    BASELINE="150 1231 612 1188" 
                    HPOS="147"
                    VPOS="1137"
                    WIDTH="465"
                    HEIGHT="113">
            <Shape><Polygon POINTS="147 1207 150 1231 150 1245 195 1250 196 1250 271 1233 286 1231 294 1231 341 1236 342 1236 387 1232 388 1232 389 1232 389 1231 391 1231 396 1224 479 1224 480 1224 482 1224 535 1209 539 1207 542 1207 566 1216 567 1216 568 1216 570 1216 571 1216 585 1203 586 1202 612 1200 612 1188 610 1159 564 1137 563 1137 562 1137 530 1140 528 1140 527 1140 527 1141 526 1141 506 1165 494 1155 493 1155 491 1155 433 1148 432 1148 431 1148 429 1148 409 1160 367 1155 366 1155 365 1155 363 1155 363 1156 362 1156 338 1185 268 1192 228 1194 181 1172 180 1172 179 1172 177 1172 176 1172 176 1173 147 1199 147 1207"/></Shape>
	    <String CONTENT="lara et à Charles"
                    HPOS="147"
                    VPOS="1137"
                    WIDTH="465"
                    HEIGHT="113"
                    WC="0.9677185766837176"></String>
          </TextLine>
          <TextLine ID="eSc_line_a942c539"
                    TAGREFS="LT323"
                    BASELINE="158 1304 367 1291 585 1257 922 1221 1363 1195 2162 1132 2276 1121 2391 1099 2666 1076 3000 1032" 
                    HPOS="152"
                    VPOS="992"
                    WIDTH="2849"
                    HEIGHT="335">
            <Shape><Polygon POINTS="158 1304 159 1326 216 1327 217 1327 365 1306 393 1304 399 1304 436 1308 438 1308 439 1308 475 1297 490 1293 517 1293 596 1294 597 1294 862 1271 863 1271 900 1257 946 1239 1151 1222 1194 1229 1220 1233 1221 1233 1223 1233 1250 1227 1289 1231 1290 1231 1292 1231 1326 1217 1345 1210 1376 1213 1384 1213 1385 1213 1403 1210 1471 1198 1515 1199 1621 1205 1622 1205 1761 1192 1763 1192 1798 1181 1856 1184 1858 1184 2051 1167 2052 1167 2117 1147 2319 1134 2321 1134 2358 1121 2370 1115 2460 1111 2617 1103 2684 1090 2702 1086 3001 1060 3000 1032 2994 992 2870 997 2869 997 2841 1006 2774 1031 2712 1035 2602 1028 2541 1026 2540 1026 2370 1041 2369 1041 2332 1054 2292 1068 2199 1067 2183 1067 2181 1067 2169 1070 2111 1083 2078 1078 2045 1072 2044 1072 2042 1072 2012 1085 1984 1094 1957 1093 1956 1093 1954 1093 1918 1104 1834 1101 1829 1101 1827 1101 1826 1101 1823 1101 1786 1115 1702 1116 1688 1115 1648 1108 1647 1108 1646 1108 1619 1116 1578 1110 1577 1110 1449 1121 1447 1121 1374 1144 1365 1148 1210 1166 1177 1163 1086 1152 1085 1152 966 1169 935 1166 933 1166 932 1166 865 1192 804 1192 803 1192 801 1192 776 1200 765 1203 747 1203 581 1196 579 1196 578 1196 458 1231 449 1233 152 1258 158 1304"/></Shape>
	    <String CONTENT="son neiru ercoles ibres Lequel voutant reconnoitre les Bous et fidite Sersicet que lui ont lendru la Nomme Surde"
                    HPOS="152"
                    VPOS="992"
                    WIDTH="2849"
                    HEIGHT="335"
                    WC="0.9741082292582307"></String>
          </TextLine>
          <TextLine ID="eSc_line_09fc97f4"
                    TAGREFS="LT323"
                    BASELINE="655 1333 1057 1311 1672 1265 2362 1205 2909 1134" 
                    HPOS="650"
                    VPOS="1082"
                    WIDTH="2259"
                    HEIGHT="271">
            <Shape><Polygon POINTS="655 1333 657 1353 910 1333 914 1333 940 1337 942 1337 943 1337 972 1327 975 1327 979 1327 1055 1334 1056 1334 1057 1334 1139 1313 1144 1312 1151 1312 1249 1316 1250 1316 1252 1316 1279 1304 1420 1302 1421 1302 1449 1291 1592 1297 1593 1297 1873 1260 1978 1262 1979 1262 2100 1251 2102 1251 2158 1235 2219 1240 2220 1240 2316 1225 2318 1225 2356 1209 2491 1207 2518 1214 2519 1214 2520 1214 2644 1203 2646 1203 2731 1173 2739 1169 2909 1156 2909 1134 2899 1082 2810 1090 2808 1090 2741 1119 2654 1110 2653 1110 2527 1140 2479 1138 2478 1138 2187 1170 2159 1166 2158 1166 2059 1181 2009 1172 1918 1172 1896 1172 1895 1172 1894 1172 1884 1174 1770 1207 1633 1196 1618 1196 1617 1196 1589 1200 1458 1225 1411 1217 1400 1216 1399 1216 1201 1233 1199 1233 1191 1238 1135 1265 1024 1273 966 1261 965 1261 964 1261 888 1286 800 1273 782 1271 781 1271 650 1286 655 1333"/></Shape>
	    <String CONTENT="Chartes Son rever Créol libres, leur épar ces Présentes fait donnation entre difs. pure Suut"
                    HPOS="650"
                    VPOS="1082"
                    WIDTH="2259"
                    HEIGHT="271"
                    WC="0.9614933797198794"></String>
          </TextLine>
          <TextLine ID="eSc_line_a18a988c"
                    TAGREFS="LT323"
                    BASELINE="647 1417 1159 1393 2219 1309 2442 1297 2749 1260 2945 1218" 
                    HPOS="643"
                    VPOS="1181"
                    WIDTH="2304"
                    HEIGHT="263">
            <Shape><Polygon POINTS="647 1417 650 1444 690 1433 783 1433 808 1433 809 1433 826 1430 882 1418 929 1422 978 1425 979 1425 1033 1413 1077 1403 1097 1407 1107 1410 1108 1410 1110 1410 1260 1407 1458 1379 1613 1390 1614 1390 1615 1390 1670 1371 1753 1371 1754 1371 1870 1357 1946 1364 1947 1364 2099 1345 2139 1349 2140 1349 2439 1326 2440 1326 2571 1290 2613 1294 2614 1294 2767 1269 2774 1268 2947 1254 2945 1218 2938 1181 2772 1195 2771 1195 2688 1228 2622 1240 2254 1268 2203 1258 2202 1258 2085 1269 2049 1264 2048 1264 2046 1264 2022 1275 1976 1267 1975 1267 1900 1276 1876 1271 1865 1269 1863 1269 1862 1269 1848 1273 1815 1283 1757 1282 1697 1279 1695 1279 1610 1294 1596 1297 1581 1297 1469 1297 1468 1297 1410 1311 1271 1346 1115 1356 1055 1341 1053 1341 1052 1341 1051 1341 1049 1341 1044 1342 942 1368 907 1362 906 1362 905 1362 869 1373 779 1364 698 1357 697 1357 695 1357 643 1375 647 1417"/></Shape>
	    <String CONTENT="E privocabrer, E en la meuilleure surad que donnation Bisre Valoir Ee jour plus grande vaditire"
                    HPOS="643"
                    VPOS="1181"
                    WIDTH="2304"
                    HEIGHT="263"
                    WC="0.9479396437343798"></String>
          </TextLine>
          <TextLine ID="eSc_line_b81aff19"
                    TAGREFS="LT323"
                    BASELINE="633 1510 1162 1477 1840 1424 2141 1407 2664 1357 2913 1320" 
                    HPOS="630"
                    VPOS="1280"
                    WIDTH="2284"
                    HEIGHT="248">
            <Shape><Polygon POINTS="633 1510 635 1528 830 1514 833 1514 877 1520 878 1520 880 1520 905 1510 961 1520 962 1520 964 1520 1049 1497 1052 1497 1056 1497 1150 1501 1151 1501 1152 1501 1212 1486 1322 1486 1322 1484 1442 1468 1506 1476 1508 1476 1509 1476 1564 1462 1628 1466 1629 1466 1938 1441 2042 1422 2293 1413 2294 1413 2330 1400 2351 1406 2352 1406 2354 1406 2584 1373 2586 1373 2588 1373 2613 1379 2614 1379 2615 1379 2617 1379 2657 1367 2702 1373 2703 1373 2705 1373 2730 1360 2914 1345 2913 1320 2905 1280 2872 1294 2786 1302 2739 1294 2701 1289 2699 1289 2635 1294 2633 1294 2604 1306 2559 1327 2428 1337 2388 1330 2387 1330 2385 1330 2354 1344 2066 1356 2064 1356 2018 1370 1982 1362 1940 1353 1939 1353 1938 1353 1900 1370 1871 1382 1797 1388 1756 1382 1680 1371 1679 1371 1232 1407 1231 1407 1176 1421 1150 1417 1148 1417 1147 1417 1078 1440 1020 1436 1019 1436 913 1457 891 1461 882 1459 834 1451 833 1451 713 1472 677 1466 676 1466 674 1466 630 1480 633 1510"/></Shape>
	    <String CONTENT="Promet garantier de tous troubles, dettes a tienations Riten décations, Ee autres Empahemant"
                    HPOS="630"
                    VPOS="1280"
                    WIDTH="2284"
                    HEIGHT="248"
                    WC="0.9776574891546498"></String>
          </TextLine>
          <TextLine ID="eSc_line_e6cef797"
                    TAGREFS="LT323"
                    BASELINE="604 1601 1235 1552 1358 1536 1767 1516 2456 1457 2997 1374" 
                    HPOS="599"
                    VPOS="1334"
                    WIDTH="2398"
                    HEIGHT="298">
            <Shape><Polygon POINTS="604 1601 606 1626 661 1622 666 1622 714 1632 716 1632 717 1632 765 1612 775 1608 909 1597 918 1598 958 1605 960 1605 961 1605 1017 1589 1028 1586 1037 1587 1106 1596 1107 1596 1108 1596 1157 1575 1158 1575 1161 1575 1194 1581 1195 1581 1197 1581 1249 1567 1260 1564 1272 1564 1382 1572 1384 1572 1385 1572 1420 1561 1489 1567 1490 1567 1763 1541 1764 1541 1843 1521 1883 1525 1884 1525 1885 1525 1936 1510 1964 1516 1965 1516 1967 1516 2013 1502 2111 1508 2113 1508 2114 1508 2152 1497 2287 1491 2289 1491 2327 1479 2483 1473 2484 1473 2586 1447 2624 1452 2625 1452 2775 1421 2778 1419 2997 1399 2997 1374 2991 1334 2931 1335 2929 1335 2918 1340 2895 1349 2836 1348 2803 1346 2801 1346 2800 1346 2788 1352 2691 1393 2405 1419 2363 1417 2362 1417 2360 1417 2341 1426 2135 1444 2099 1441 2097 1441 2009 1457 1884 1450 1883 1450 1881 1450 1819 1468 1734 1447 1732 1447 1731 1447 1641 1479 1582 1476 1581 1476 1579 1476 1522 1492 1417 1481 1416 1481 1326 1486 1325 1486 1192 1524 1086 1502 1082 1502 1081 1502 1073 1503 1005 1519 969 1513 961 1512 960 1512 599 1545 604 1601"/></Shape>
	    <String CONTENT="Gépératement que leonques, audit Charle Ses Geritiers Bayant Causes Ce Ampté pour le dchartes"
                    HPOS="599"
                    VPOS="1334"
                    WIDTH="2398"
                    HEIGHT="298"
                    WC="0.9609485550593304"></String>
          </TextLine>
          <TextLine ID="eSc_line_32ec5d9b"
                    TAGREFS="LT323"
                    BASELINE="2619 1579 2939 1531" 
                    HPOS="2611"
                    VPOS="1486"
                    WIDTH="328"
                    HEIGHT="112">
            <Shape><Polygon POINTS="2619 1579 2622 1598 2651 1597 2653 1597 2654 1597 2654 1596 2658 1593 2664 1587 2679 1590 2686 1590 2687 1590 2688 1590 2690 1590 2690 1589 2692 1587 2698 1582 2727 1582 2770 1582 2770 1581 2771 1581 2772 1581 2772 1579 2781 1572 2781 1571 2789 1571 2858 1565 2859 1565 2861 1565 2861 1564 2869 1557 2872 1554 2939 1545 2939 1531 2931 1486 2833 1494 2832 1494 2830 1494 2830 1495 2822 1502 2821 1503 2815 1503 2788 1501 2786 1501 2785 1501 2756 1512 2717 1510 2716 1510 2715 1510 2713 1510 2713 1512 2702 1520 2659 1519 2658 1519 2657 1519 2611 1535 2619 1579"/></Shape>
	    <String CONTENT="Des outrl"
                    HPOS="2611"
                    VPOS="1486"
                    WIDTH="328"
                    HEIGHT="112"
                    WC="0.9994835058848063"></String>
          </TextLine>
          <TextLine ID="eSc_line_0d773cf2"
                    TAGREFS="LT323"
                    BASELINE="630 1670 971 1649 1467 1603 2347 1550 2670 1513 2996 1459" 
                    HPOS="628"
                    VPOS="1428"
                    WIDTH="2369"
                    HEIGHT="272">
            <Shape><Polygon POINTS="630 1670 633 1700 690 1696 691 1696 692 1696 745 1677 845 1677 847 1677 848 1677 870 1667 950 1673 951 1673 953 1673 979 1663 1022 1667 1039 1669 1041 1669 1042 1669 1056 1665 1096 1651 1143 1656 1155 1658 1157 1658 1158 1658 1169 1655 1236 1633 1475 1625 1476 1625 1502 1614 1562 1619 1563 1619 1691 1598 1822 1598 1951 1598 1951 1597 2108 1585 2110 1585 2148 1574 2176 1578 2177 1578 2494 1546 2570 1546 2571 1546 2668 1524 2672 1524 2673 1524 2698 1528 2699 1528 2743 1517 2760 1513 2997 1495 2996 1459 2989 1428 2756 1446 2754 1446 2748 1448 2698 1468 2647 1458 2646 1458 2644 1458 2573 1481 2552 1476 2551 1476 2549 1476 2548 1476 2522 1483 2475 1472 2458 1469 2457 1469 2456 1469 2439 1476 2427 1480 2411 1477 2388 1475 2387 1475 2345 1484 2325 1488 2314 1487 2297 1483 2296 1483 2294 1483 2279 1490 2272 1494 2205 1497 1980 1506 1979 1506 1940 1520 1892 1536 1796 1542 1763 1535 1754 1534 1753 1534 1752 1534 1739 1536 1684 1553 1549 1553 1545 1554 1542 1554 1471 1568 1443 1563 1424 1560 1422 1560 1421 1560 1406 1567 1385 1575 1348 1571 1338 1571 1337 1571 1314 1575 1245 1586 1223 1582 1168 1572 1166 1572 1165 1572 1088 1594 1066 1601 925 1608 924 1608 866 1603 865 1603 628 1634 630 1670"/></Shape>
	    <String CONTENT="Par Marie Sara Sa taute trois Cales Situés Sur deux Errens nou consé dés avec tout les draits"
                    HPOS="628"
                    VPOS="1428"
                    WIDTH="2369"
                    HEIGHT="272"
                    WC="0.9718141780104689"></String>
          </TextLine>
          <TextLine ID="eSc_line_6e19dc18"
                    TAGREFS="LT323"
                    BASELINE="600 1742 618 1739" 
                    HPOS="589"
                    VPOS="1669"
                    WIDTH="32"
                    HEIGHT="102">
            <Shape><Polygon POINTS="600 1742 604 1771 621 1769 618 1739 606 1669 589 1671 600 1742"/></Shape>
	    <String CONTENT="1"
                    HPOS="589"
                    VPOS="1669"
                    WIDTH="32"
                    HEIGHT="102"
                    WC="0.9971194267272949"></String>
          </TextLine>
          <TextLine ID="eSc_line_044ff7d7"
                    TAGREFS="LT323"
                    BASELINE="650 1739 797 1735 1478 1677 2130 1643 2580 1601" 
                    HPOS="646"
                    VPOS="1554"
                    WIDTH="1934"
                    HEIGHT="214">
            <Shape><Polygon POINTS="650 1739 651 1768 712 1755 779 1760 785 1760 786 1760 957 1747 958 1747 964 1746 1004 1728 1026 1732 1027 1732 1604 1684 1675 1689 1712 1692 1713 1692 1714 1692 1735 1684 1757 1677 1814 1678 1830 1678 1832 1678 1833 1678 1840 1677 1871 1666 1935 1669 1994 1671 1995 1671 2147 1660 2148 1660 2188 1649 2226 1638 2279 1641 2315 1644 2316 1644 2318 1644 2345 1637 2380 1627 2406 1632 2447 1638 2449 1638 2545 1632 2546 1632 2580 1618 2580 1601 2574 1554 2509 1554 2508 1554 2507 1554 2493 1560 2464 1574 2359 1579 2336 1571 2318 1565 2316 1565 2315 1565 2106 1581 2104 1581 2085 1590 2063 1601 2011 1607 1925 1611 1877 1605 1847 1603 1845 1603 1844 1603 1823 1609 1801 1616 1749 1615 1695 1614 1694 1614 1692 1614 1677 1620 1676 1620 1673 1620 1635 1615 1633 1615 1563 1625 1562 1625 1548 1630 1519 1643 1292 1658 1265 1651 1241 1644 1239 1644 1238 1644 1183 1658 1139 1667 1100 1663 1049 1658 1048 1658 975 1673 911 1687 800 1692 771 1688 731 1681 730 1681 728 1681 705 1692 685 1702 646 1698 650 1739"/></Shape>
	    <String CONTENT="qu&#x27;il part pprétendre Davoir en ca de Conussion Mais neanneis Sain parante"
                    HPOS="646"
                    VPOS="1554"
                    WIDTH="1934"
                    HEIGHT="214"
                    WC="0.9746681910914343"></String>
          </TextLine>
          <TextLine ID="eSc_line_c078a444"
                    TAGREFS="LT323"
                    BASELINE="644 1820 837 1813 1421 1754 1989 1727 2425 1695 2691 1663 2832 1658" 
                    HPOS="641"
                    VPOS="1609"
                    WIDTH="2191"
                    HEIGHT="229">
            <Shape><Polygon POINTS="644 1820 644 1833 809 1838 811 1838 957 1827 958 1827 1045 1802 1053 1800 1101 1798 1276 1790 1465 1771 1519 1765 1534 1765 1614 1766 1615 1766 1673 1755 1753 1766 1754 1766 1991 1749 2147 1725 2214 1731 2216 1731 2289 1718 2332 1721 2333 1721 2334 1721 2373 1709 2405 1716 2406 1716 2490 1710 2661 1678 2664 1678 2665 1678 2728 1685 2730 1685 2830 1665 2832 1658 2826 1609 2792 1622 2764 1615 2763 1615 2761 1615 2760 1615 2668 1640 2588 1630 2586 1630 2585 1630 2540 1651 2483 1652 2432 1643 2400 1637 2399 1637 2238 1649 2237 1649 2198 1662 2170 1671 2129 1669 2097 1666 2096 1666 2095 1666 2078 1673 2051 1684 1989 1680 1911 1676 1910 1676 1909 1676 1873 1691 1843 1703 1725 1711 1652 1709 1635 1709 1633 1709 1632 1709 1625 1711 1608 1717 1586 1714 1513 1705 1512 1705 1450 1718 1403 1713 1402 1713 1219 1727 1217 1727 1155 1743 1135 1738 1133 1738 1132 1738 1130 1738 1089 1753 1009 1746 1008 1746 1006 1746 954 1768 947 1772 641 1794 644 1820"/></Shape>
	    <String CONTENT="La proprêté de deux Esclans don Lune nomée marieanne d Vaitre Marie Louisl"
                    HPOS="641"
                    VPOS="1609"
                    WIDTH="2191"
                    HEIGHT="229"
                    WC="0.9812894141351854"></String>
          </TextLine>
          <TextLine ID="eSc_line_cb537b26"
                    TAGREFS="LT323"
                    BASELINE="2878 1784 2947 1775" 
                    HPOS="2869"
                    VPOS="1707"
                    WIDTH="78"
                    HEIGHT="86">
            <Shape><Polygon POINTS="2878 1784 2878 1791 2947 1793 2947 1775 2935 1707 2889 1725 2869 1721 2878 1784"/></Shape>
	    <String CONTENT="Nan"
                    HPOS="2869"
                    VPOS="1707"
                    WIDTH="78"
                    HEIGHT="86"
                    WC="0.959660271803538"></String>
          </TextLine>
          <TextLine ID="eSc_line_af4f7ae8"
                    TAGREFS="LT323"
                    BASELINE="713 1877 723 1877" 
                    HPOS="713"
                    VPOS="1833"
                    WIDTH="10"
                    HEIGHT="60">
            <Shape><Polygon POINTS="713 1877 713 1892 721 1893 723 1877 720 1833 713 1835 713 1877"/></Shape>
	    <String CONTENT="1"
                    HPOS="713"
                    VPOS="1833"
                    WIDTH="10"
                    HEIGHT="60"
                    WC="0.9996224641799927"></String>
          </TextLine>
          <TextLine ID="eSc_line_520154a5"
                    TAGREFS="LT323"
                    BASELINE="703 1910 1256 1856 1399 1834 2425 1777 2794 1725 2887 1718" 
                    HPOS="699"
                    VPOS="1667"
                    WIDTH="2188"
                    HEIGHT="256">
            <Shape><Polygon POINTS="703 1910 705 1923 1012 1901 1013 1901 1030 1897 1090 1881 1212 1881 1212 1879 1213 1879 1247 1864 1305 1868 1307 1868 1413 1849 1473 1846 1546 1855 1581 1857 1582 1857 1659 1845 1789 1822 1927 1815 1954 1820 1994 1828 1995 1828 1997 1828 2059 1812 2078 1806 2097 1808 2144 1813 2146 1813 2147 1813 2184 1801 2206 1794 2223 1798 2254 1805 2256 1805 2345 1789 2456 1794 2457 1794 2529 1776 2617 1773 2618 1773 2653 1762 2661 1758 2887 1742 2887 1718 2880 1667 2636 1684 2635 1684 2617 1689 2553 1711 2501 1711 2500 1711 2498 1711 2446 1728 2395 1720 2394 1720 2392 1720 2369 1729 2322 1718 2321 1718 2319 1718 2267 1738 2212 1725 2194 1721 2192 1721 2191 1721 2169 1728 2143 1736 2110 1733 2055 1728 2053 1728 2052 1728 2022 1740 1989 1755 1938 1762 1878 1753 1863 1751 1862 1751 1860 1751 1844 1757 1815 1765 1746 1765 1725 1765 1724 1765 1723 1765 1714 1768 1666 1782 1639 1775 1625 1771 1624 1771 1622 1771 1577 1779 1529 1765 1527 1765 1526 1765 1424 1772 1422 1772 1378 1791 1355 1786 1354 1786 1352 1786 1214 1795 1213 1795 1147 1816 1121 1826 1024 1831 1012 1828 980 1820 979 1820 978 1820 976 1820 928 1835 914 1841 699 1855 703 1910"/></Shape>
	    <String CONTENT="resdits Perrenis Contiqu L&#x27;un a Lautre Se trouvant Dornés du Cote de la Mmntage"
                    HPOS="699"
                    VPOS="1667"
                    WIDTH="2188"
                    HEIGHT="256"
                    WC="0.9477420207820361"></String>
          </TextLine>
          <TextLine ID="eSc_line_b4f8df90"
                    TAGREFS="LT323"
                    BASELINE="2792 1895 2902 1879" 
                    HPOS="2782"
                    VPOS="1798"
                    WIDTH="121"
                    HEIGHT="117">
            <Shape><Polygon POINTS="2792 1895 2793 1908 2841 1915 2843 1915 2844 1915 2865 1906 2876 1900 2903 1903 2902 1879 2889 1798 2855 1798 2854 1798 2852 1798 2851 1798 2851 1800 2850 1800 2837 1815 2827 1826 2782 1833 2792 1895"/></Shape>
	    <String CONTENT="de"
                    HPOS="2782"
                    VPOS="1798"
                    WIDTH="121"
                    HEIGHT="117"
                    WC="0.9999966025352478"></String>
          </TextLine>
          <TextLine ID="eSc_line_432c3f5d"
                    TAGREFS="LT323"
                    BASELINE="673 1990 1135 1955 1374 1929 2012 1896 2369 1862 2585 1849 2752 1827" 
                    HPOS="669"
                    VPOS="1768"
                    WIDTH="2084"
                    HEIGHT="248">
            <Shape><Polygon POINTS="673 1990 676 2016 713 2005 753 2009 754 2009 874 1991 899 1998 927 2007 928 2007 929 2007 994 1998 1028 2002 1030 2002 1031 2002 1079 1984 1132 1965 1161 1973 1162 1973 1163 1973 1165 1973 1208 1958 1363 1948 1453 1952 1454 1952 1501 1943 1527 1948 1571 1959 1573 1959 1574 1959 1610 1946 1668 1946 1669 1946 1670 1946 1701 1934 1717 1929 1742 1932 1849 1944 1851 1944 2242 1917 2243 1917 2323 1885 2340 1878 2413 1878 2531 1877 2533 1877 2563 1866 2753 1850 2752 1827 2745 1768 2484 1786 2445 1793 2374 1804 2343 1801 2315 1798 2314 1798 2312 1798 2293 1805 2219 1830 2139 1817 2118 1815 2117 1815 2115 1815 2102 1820 2049 1842 1927 1835 1899 1834 1898 1834 1870 1839 1826 1849 1805 1845 1803 1845 1801 1845 1800 1845 1797 1846 1739 1864 1679 1856 1659 1853 1658 1853 1657 1853 1637 1859 1584 1875 1534 1867 1468 1857 1467 1857 1465 1857 1402 1878 1281 1881 1279 1881 1256 1890 1232 1901 1059 1907 1000 1910 958 1915 899 1923 871 1922 807 1919 805 1919 804 1919 771 1929 730 1919 728 1919 727 1919 669 1937 673 1990"/></Shape>
	    <String CONTENT="Par le onal dayot surdit toisis sis pouuus, au tevant par la propréte de Stememie"
                    HPOS="669"
                    VPOS="1768"
                    WIDTH="2084"
                    HEIGHT="248"
                    WC="0.9595772833735855"></String>
          </TextLine>
          <TextLine ID="eSc_line_ac9623a3"
                    TAGREFS="LT323"
                    BASELINE="673 2074 1219 2035 2187 1984 2303 1968 2486 1952 2760 1908" 
                    HPOS="668"
                    VPOS="1877"
                    WIDTH="2093"
                    HEIGHT="226">
            <Shape><Polygon POINTS="673 2074 674 2103 727 2089 772 2097 775 2097 776 2097 782 2096 884 2072 960 2075 961 2075 1026 2060 1092 2065 1093 2065 1235 2050 1373 2052 1468 2053 1469 2053 1560 2038 1604 2031 1629 2032 1673 2036 1675 2036 1770 2023 1812 2031 1814 2031 1984 2020 1986 2020 2029 2006 2074 2013 2075 2013 2144 2003 2220 2005 2221 2005 2263 2002 2264 2002 2318 1981 2325 1979 2338 1980 2407 1985 2409 1985 2410 1985 2442 1972 2446 1970 2451 1970 2473 1974 2475 1974 2476 1974 2493 1968 2501 1963 2761 1947 2760 1908 2754 1877 2615 1884 2600 1886 2421 1921 2355 1921 2296 1907 2294 1907 2259 1910 2257 1910 2197 1934 1929 1951 1887 1944 1885 1944 1884 1944 1848 1954 1778 1939 1776 1939 1629 1970 1577 1954 1575 1954 1574 1954 1573 1954 1540 1965 1489 1957 1487 1957 1486 1957 1484 1957 1453 1969 1398 1962 1394 1962 1392 1962 1249 1972 1247 1972 1157 1999 1059 1999 1057 1999 965 2013 902 1995 900 1995 899 1995 847 1996 840 1998 838 1998 754 2025 668 2009 673 2074"/></Shape>
	    <String CONTENT="den ftoires, au Conttrant Pa lar le pritentabilie de Guyon Sur teingt deux autres tores"
                    HPOS="668"
                    VPOS="1877"
                    WIDTH="2093"
                    HEIGHT="226"
                    WC="0.951001775333251"></String>
          </TextLine>
          <TextLine ID="eSc_line_ee5bdb20"
                    TAGREFS="LT323"
                    BASELINE="672 2153 898 2133 1764 2094 2403 2050 2749 2007 2927 1973" 
                    HPOS="668"
                    VPOS="1941"
                    WIDTH="2259"
                    HEIGHT="230">
            <Shape><Polygon POINTS="672 2153 672 2171 1049 2137 1106 2136 1129 2141 1147 2147 1148 2147 1150 2147 1151 2147 1186 2138 1195 2136 1203 2137 1243 2142 1245 2142 1298 2130 1316 2126 1330 2127 1384 2136 1385 2136 1387 2136 1438 2122 1533 2129 1534 2129 1600 2119 1643 2127 1644 2127 1709 2115 1749 2120 1750 2120 2115 2097 2217 2074 2374 2074 2374 2072 2427 2061 2475 2067 2476 2067 2478 2067 2515 2050 2604 2039 2639 2034 2927 2016 2927 1973 2921 1941 2695 1955 2679 1958 2519 1990 2482 1985 2480 1985 2479 1985 2456 1996 2366 1980 2356 1979 2355 1979 2354 1979 2347 1981 2282 2009 1984 2027 1884 2014 1863 2012 1862 2012 1860 2012 1851 2016 1829 2025 1754 2023 1738 2023 1736 2023 1735 2023 1728 2024 1659 2047 1555 2045 1553 2045 1487 2054 1433 2045 1395 2039 1394 2039 1315 2054 1265 2063 1198 2061 1063 2060 1062 2060 1060 2060 997 2076 931 2093 893 2085 892 2085 822 2097 787 2090 742 2082 741 2082 739 2082 703 2097 688 2103 668 2100 672 2153"/></Shape>
	    <String CONTENT="Luiatement du Côté du Sud Par la parde lui dite cydevant d&#x27;Entre castean Sur sept"
                    HPOS="668"
                    VPOS="1941"
                    WIDTH="2259"
                    HEIGHT="230"
                    WC="0.9637012393386276"></String>
          </TextLine>
          <TextLine ID="eSc_line_8d6e49a6"
                    TAGREFS="LT323"
                    BASELINE="685 2224 1103 2199 2020 2173 2491 2136 2749 2103 2902 2074" 
                    HPOS="681"
                    VPOS="2047"
                    WIDTH="2222"
                    HEIGHT="204">
            <Shape><Polygon POINTS="685 2224 685 2239 783 2237 831 2251 833 2251 834 2251 911 2249 913 2249 989 2224 1019 2215 1063 2221 1107 2225 1108 2225 1110 2225 1143 2215 1174 2207 1234 2211 1304 2215 1305 2215 1307 2215 1334 2206 1356 2198 1394 2202 1509 2218 1511 2218 1716 2209 1717 2209 1759 2191 1848 2202 1849 2202 1924 2199 2068 2187 2070 2187 2130 2169 2175 2176 2176 2176 2239 2164 2332 2167 2333 2167 2334 2167 2380 2156 2454 2163 2456 2163 2611 2136 2632 2131 2903 2119 2902 2074 2895 2047 2600 2061 2599 2061 2585 2065 2542 2076 2500 2069 2483 2068 2482 2068 2480 2068 2468 2072 2344 2112 2263 2104 2261 2104 2260 2104 2216 2116 2180 2107 2179 2107 2177 2107 2176 2107 2118 2125 1924 2133 1845 2120 1844 2120 1843 2120 1782 2138 1717 2131 1716 2131 1714 2131 1698 2138 1647 2127 1646 2127 1644 2127 1579 2151 1500 2153 1400 2134 1362 2127 1360 2127 1359 2127 1325 2138 1321 2140 1318 2140 1293 2131 1292 2131 1290 2131 1224 2138 1172 2148 1034 2174 971 2162 969 2162 854 2180 811 2169 746 2152 745 2152 743 2152 742 2152 681 2176 685 2224"/></Shape>
	    <String CONTENT="Toins quatre peds. lestroir Casés cy desseu Mentionnés dond une Evistaut Sur re"
                    HPOS="681"
                    VPOS="2047"
                    WIDTH="2222"
                    HEIGHT="204"
                    WC="0.9771707804897164"></String>
          </TextLine>
          <TextLine ID="eSc_line_e6ecc540"
                    TAGREFS="LT323"
                    BASELINE="2665 2193 2833 2155" 
                    HPOS="2658"
                    VPOS="2103"
                    WIDTH="179"
                    HEIGHT="121">
            <Shape><Polygon POINTS="2665 2193 2673 2224 2691 2207 2730 2207 2761 2206 2763 2206 2837 2174 2833 2155 2816 2103 2778 2137 2761 2137 2746 2129 2732 2122 2731 2122 2730 2122 2713 2126 2712 2126 2710 2126 2710 2127 2686 2152 2680 2159 2658 2163 2665 2193"/></Shape>
	    <String CONTENT="Suur"
                    HPOS="2658"
                    VPOS="2103"
                    WIDTH="179"
                    HEIGHT="121"
                    WC="0.9445208162069321"></String>
          </TextLine>
          <TextLine ID="eSc_line_bbee0a0c"
                    TAGREFS="LT323"
                    BASELINE="2848 2151 2949 2127" 
                    HPOS="2840"
                    VPOS="2083"
                    WIDTH="113"
                    HEIGHT="88">
            <Shape><Polygon POINTS="2848 2151 2852 2171 2899 2170 2900 2170 2902 2170 2902 2169 2903 2169 2913 2156 2927 2160 2928 2160 2929 2160 2931 2160 2932 2160 2953 2145 2949 2127 2938 2083 2900 2083 2899 2083 2898 2083 2896 2083 2896 2085 2895 2085 2884 2101 2880 2107 2840 2115 2848 2151"/></Shape>
	    <String CONTENT="n 40"
                    HPOS="2840"
                    VPOS="2083"
                    WIDTH="113"
                    HEIGHT="88"
                    WC="0.9063258469104767"></String>
          </TextLine>
          <TextLine ID="eSc_line_1dacd77b"
                    TAGREFS="LT323"
                    BASELINE="709 2301 1135 2276 1691 2268 2059 2254 2391 2235 2635 2198" 
                    HPOS="706"
                    VPOS="2156"
                    WIDTH="1930"
                    HEIGHT="196">
            <Shape><Polygon POINTS="709 2301 709 2323 833 2338 834 2338 836 2338 873 2326 932 2328 933 2328 935 2328 972 2312 973 2312 1068 2321 1070 2321 1071 2321 1129 2304 1133 2302 1202 2299 1206 2301 1343 2352 1344 2352 1345 2352 1417 2349 1732 2334 1734 2334 1874 2272 1928 2286 1929 2286 1931 2286 1971 2286 2088 2319 2089 2319 2091 2319 2136 2316 2137 2316 2268 2258 2348 2272 2349 2272 2351 2272 2420 2253 2461 2258 2462 2258 2464 2258 2502 2242 2504 2240 2636 2235 2635 2198 2629 2156 2533 2160 2531 2160 2530 2160 2489 2171 2456 2164 2454 2164 2453 2164 2451 2164 2421 2180 2407 2176 2406 2176 2405 2176 2403 2176 2348 2189 2271 2180 2270 2180 2268 2180 2208 2204 2045 2210 1976 2188 1968 2185 1967 2185 1965 2185 1964 2185 1951 2189 1867 2217 1833 2206 1832 2206 1830 2206 1829 2206 1790 2222 1742 2225 1618 2229 1537 2215 1535 2215 1464 2224 1422 2215 1414 2214 1413 2214 1411 2214 1405 2215 1378 2224 1349 2218 1322 2214 1321 2214 1319 2214 1290 2222 1276 2225 1268 2222 1256 2218 1254 2218 1253 2218 1108 2224 1107 2224 1082 2232 1011 2258 848 2264 800 2246 781 2239 779 2239 778 2239 706 2250 709 2301"/></Shape>
	    <String CONTENT="Terren Berné Per latontagne a yant de dirention dix huit Siedt"
                    HPOS="706"
                    VPOS="2156"
                    WIDTH="1930"
                    HEIGHT="196"
                    WC="0.9515202165611328"></String>
          </TextLine>
          <TextLine ID="eSc_line_f23fa273"
                    TAGREFS="LT323"
                    BASELINE="1648 2422 1767 2419" 
                    HPOS="1648"
                    VPOS="2367"
                    WIDTH="119"
                    HEIGHT="85">
            <Shape><Polygon POINTS="1648 2441 1686 2452 1687 2452 1688 2452 1690 2452 1712 2445 1732 2440 1764 2448 1767 2419 1764 2375 1732 2368 1731 2368 1730 2368 1717 2371 1703 2375 1684 2370 1676 2367 1675 2367 1673 2367 1672 2367 1668 2368 1658 2374 1648 2367 1648 2422 1648 2441"/></Shape>
	    <String CONTENT="00"
                    HPOS="1648"
                    VPOS="2367"
                    WIDTH="119"
                    HEIGHT="85"
                    WC="0.9999983906745911"></String>
          </TextLine>
        </TextBlock>
        <TextBlock HPOS="699"
                   VPOS="815"
                   WIDTH="21"
                   HEIGHT="20"
                   ID="eSc_textblock_de50ca50"
                   TAGREFS="BT475">
          <Shape><Polygon POINTS="706 815 720 820 720 835 699 835 706 815"/></Shape>
        </TextBlock>
      </PrintSpace>
    </Page>
  </Layout>
</alto>
