2479 2692
1784 23 398 75 enquantieme

351 121 1905 122 En teintte ne Soient Poirt acharge a la Colonie, le testateur teur que Son

354 212 1906 103 Eanteur Testa Mtentaire lui donne a Son choix un petie Meinage

359 291 1855 109 Teré de plui qu'il de laisiers Et les outre leun donne alegue

327 375 1740 108 La Moitie de tous les Biens quil delaissera ld Citte Js

399 478 1910 93 Equant a tautre Moitie de Ses Biis Le testateur les donne ct

381 554 1161 111 Legue a Ses plus proche teritiers et Le Lai

387 634 1875 110 E Pour dccuteur Le Présent testament le testateud a hoisi le

360 744 1882 109 Noumé la personne du C^e Caillear gar de Magasin de la éepul

372 824 1858 106 Entre les mains duquil il Se dessais de tout (es Biens ouir La

344 934 288 87 Contume

385 991 1860 94 Ce fedauisi fait dute  Nomme par led'testatend a perre gvis

2239 1054 61 66 re

369 1070 1885 109 Balu Mo publie dun en cette ville Rue de Lhopital au C^re Jein et

378 1151 1909 105 Caty huissier Es Tribuneaux de Cetteise dend au cette vitle Rue de

371 1226 2022 136 pamplemoustet le au pe framois Coitle que de magatiie delare pul din

360 1304 1921 136 le cett doille Rue de Lepfut temoins Pour cerequis le Expres appellé

377 1384 1982 132 la présune desquels le présent testamet ayand été lu de Rele au Mut

382 1465 2052 151 Apret Lantre aud. testateu il a diclaré y porsister le etre Sis

371 1552 2027 158 dernières Volontés fait a passe ru duset a la requitition du de testa teur

378 1636 2063 155 Coté de Son lit port du hordour Jle de France lequintede de

366 1728 2072 168 La première dua de de esse dor de lai M^e de lareput f^ une s judivis

2413 1815 19 51 4

377 1817 2012 170 a la moitie du jour e le testateur à Seque avec lestesmoins ce les no^re

393 1876 1761 223 apres lectapf faite signe pente, Ciailleau catya Bale

665 2010 1760 170 Enregistré par moi Gnfier du tibunal civil Soussigné seu

688 2105 1777 172 une expedition dudu testament depose en le tadet du Cet Balu

712 2210 1758 167 Nolaiie per le let Calleau executeur testementaire le 14 messidle

722 2386 465 99 presente année

1244 2297 1209 133 la dette expesition a moi presenté, a cet

745 2380 1707 196 effet et par moi reuduc apès mention feute ai cellele

2399 2509 45 55 dn

751 2533 671 151 present ennegistiement

1394 2551 1071 139 sle de fuice le Vingt unq messeda
