2479 2917
1721 1 98 76 2

2290 1 77 84 de

2031 40 83 65 ue

445 27 313 99 Soustigre.

990 40 986 178 Suit La teneeur de lameré

491 165 1514 204 Catrait du Registre des Baptemes de la Parois

440 286 1289 166 Port Louis, ple de Fance Année 1774.

2132 277 123 158 Lour

2284 356 58 92 de

494 437 1529 173 Le vingt hois fuin mil Sept Cint quatre Vingt

2052 544 193 105 Quatre

442 525 1957 243 Bapliré Louis pelix Reué fils de parente Blance mones, aus

2260 570 47 128 1

2307 573 90 117 et

418 635 1284 163 d'ea Viron Troi Semaines parais a éte

1770 711 298 139 M^e Jeau

429 735 1962 195 Chirurqea major des hopitais du Roy qui a Signé et Maauue

2083 766 345 131 Louis auterte

452 844 1929 181 Cettate Cetoiquard qui a declare ne Svoint Signé Cinsigné ame

444 954 702 104 plouc te de la missien.

1879 991 201 98 3

562 1027 1879 228 Le Soussigné Cortiffié le Présent Etrait toutable et Conforme

440 1152 2011 199 Aaminute a la Cere du Port Louis, Jsle de France e 1 9 avril 1787 Sgie

335 1155 41 110 4

458 1257 1130 113 Jean Aechard p^t de la ition Curé

504 1345 1919 160 Audessou et Cotit Signé et Paraphé au desir de taite

445 1442 1988 157 due jour troit Vertore au Frois de la Republique pranmaiie ne le

452 1549 1803 149 Judivisible Signe G arting et Gruchet Vautbestt Suitiniy.

458 1664 1991 152 Jl ext ausyenladoine de meurce pouite a ls Pressiere Minu

457 1776 2007 141 des Présentet dont Expeditin des Outres parts le tout de meur

457 1874 1702 154 A duzant Lun desnz Soustigne Sigsé duraice.

724 1986 1733 169 Enregistié par mat Greffier du tibueat avit delhle de France vin

737 2072 1722 165 luu unt repedition dudit ade amoi quoinit a u effe et pre moi deven

726 2135 1538 177 rendu après mention faite lur icalle dus pesut enregntrement

734 2229 1712 174 du Poit du nerd arstt Jelide France le vingt luie Germinal au quel

734 2299 1104 143 de la Requblique Franceine une et indévisible

1845 2422 223 104 Busson

74 2526 418 99 outtait de

609 2513 164 126 2

58 2600 303 78 du Pen

685 2622 1768 204 Sui Contrat de Mariage Reur lar durand que ena

34 2667 259 109 Nurtiny

465 2722 1777 193 Minute a son Con frère no Sublie a l'Jse de Fancu le

136 2748 126 75 Avé

319 2811 31 49 —

141 2808 152 52 veinie

32 2787 79 104 La

455 2835 216 75 deux

2299 2832 131 83 Vengt
