2479 3467
498 1 698 149 luiit tevovinl lase

506 1 1100 266 faire caire lorbjidet à Veubrese

631 15 1788 308 4 vour paire nirier cet desenes u tout au visot cons

514 134 1874 303 perte ae out donne pouvorr du Porton et deu requerer

560 419 85 95 2I

545 288 1880 307 Pur aise Frone tent Tobligeant bar Renoirant le patfpassé

491 408 1895 289 Doutte ailan cedit en latille du dort nord oue le glos de

469 529 1932 262 dian, en rélade, a'n quatre de la Re presliquee franciss

441 587 1960 310 Jeues puditsible Lequntoize vulose trois Geures de Reletée &

466 716 1941 281 à led oseph Levellé Signe avec les nore lnon lade puare

481 832 1932 262 dex ple ayant dclarie ne Sator Eitire nn Signer quor que

469 934 1894 264 dese faire Requise t interpellés Suivent Cor dornant aimt y

468 1022 1899 278 q'il est dit aux deux minuttes des Présente demeurant au

477 1113 1896 277 Poutoir de Delin lui des n Soussignés eusuitte de

458 1219 1924 266 lune dis quelles est Edtit. Controtté au port nordouest ple de

469 1336 1909 241 Bance, Le dix neufteutose au 4^ teur deux ceut Livres signé

2361 1456 10 73 9

456 1492 934 187 Certurt Sigue Breuu & Beliet,

774 1506 1633 212 Ennegistré par moi Greffier toussmegués sur lexgédition de la ditte

780 1598 1612 181 donation a moi représentée a cet effet, et desentt par moi rendrue

783 1710 1322 142 aper mention faite sur ccelle du present enregistrement

2209 1725 71 102 le

785 1775 1462 153 du Poit du Nordouest le Sux Gemunal au 4^e de le Rep

1822 1862 250 81 dusson

2124 1852 235 99 2

184 1962 484 116 Conttait de

142 2055 532 111 Mariage du C^en

755 1981 1608 178 Dun Contrat de Maieage Reu Pais de lisle qui lu

136 2089 2198 178 Troma Comba don aminite l Chu Conftere neᵉ Publiis a l'Jsle de

379 2240 154 69 Vie

121 2290 516 84 Marie Jeanue

793 2186 1535 160 Bame le Erente Dusnaire L'an quatrieme de lu

267 2378 349 108 25

803 2292 1514 144 Lesublique parcaise une Coudivisiéle Controlle

805 2409 870 127 Le don ze frumaire Cuitant

1209 2521 310 117 Cnte

849 2631 1506 159 de Citoyen Bamae Ceur Ou don houne libre de

876 2744 1452 120 Couteur habitant du Canton des pamplesrousses

830 2894 1543 118 Ce lopeste mari peare feumme libre de routeur ma jeure

839 2997 1528 105 Ditorice lhors de Commuranté Suir Reglemenl de

841 3083 1543 120 partage datre Louis dit mt re haue a at ffit a éle ptras

464 3158 1909 147 Quart nu l arphus eet Biens de La ditte fcture

1217 3303 102 129 32
