3108 2479
2295 15 638 81 quarante nemieme

648 154 29 77 8

734 85 2205 113 pastienr au donatuur au nopen de lavente que lui en a fait Per sont

630 181 2323 138 Seniq privé du Sept prurcal de Lonnée detuur andre Boure dout n

617 257 2346 175 Double, apré Cestifuation Préalable Restera annizé aux présente, au

626 366 2286 166 Quil audré Boru elle appartenoil Comme etant aux droits de Jean

606 471 2321 150 Daples dCouitban d Suir acte Reur par le Mo^re durand Ddit nuu mai

630 534 2235 169 viel Sept tent quatre vingt quatorze lequel dit Comstare Lavcil

629 603 2286 210 ui mums Achite de Claude Jouton lomaudeur des hoirs menuisier de la

622 804 427 131 Re pablique

692 802 2316 222 Les deux Autres sonnant Sur lad. Rui dentrecastran appartenent

637 915 2364 215 Au donateur au Moyeu deLaveuté Sous Seimg privé a lui faite pace Supuis

615 1017 2335 225 Saut Sais Lise du Sept Prairil laditte du treize deeules viit Segt

618 1110 2357 234 Cent quatre vingt treize Lequel dunnant Certise veritable Signé a paraphé

611 1199 2386 251 Eopésinn det no^ᵉ Soussignes et ausii deeure aune se a la presière minule

1260 1407 134 59 dde

626 1447 419 117 des Presenlet.

691 1414 2339 240 Ca coremert des ditet Eelaves nou mé marcianne appartont au donateur Pour lavoir

640 1509 2381 255 Aequise a latente pliblique faite après dues de Maurie Bouton Suivᵉ Estrais délivré

684 1630 2334 218 dau le Noi durand dout torequial Squé a paraphé nivarienteur demeurera

593 1702 2418 253 Auneté a la Premiere mimite des de prédentis Ee tautre nommée marie Louise, lui

593 1783 2464 270 Dosartand auii au Moyen du Bitte d teutd que lui lu a dclivré Jary let date

1241 1884 1776 205 deut quatre vingt treize adont Loriq mal ducaer

589 2042 602 131 du daus aoins aute

597 2222 89 75 6e

739 2039 1647 219 ifs Rester, pareillement aunesé aus dites trésentes

1164 2109 1888 214 dit Case EEsilave Ainsifaite lu toute propriété Andit

622 2269 521 145 Celte Douration

874 2253 2149 217 dreole lebre a lachalige par lui d° de tous droits affates au que

1689 2407 44 70 42

1742 2407 10 70 1

1763 2378 103 99 Pe

1876 2333 1200 128 de laisser Jouir Sataut marie
