3092 2479
425 52 127 85 1218

589 1 976 98 Jaant iedeepres tronspoite ce jomoin

593 2 2421 155 aiciondivisible tous noi leings, lede vincem ayant declare ne tavor rerire n regne

594 39 2423 197 arès qii euà été intispellé auvant laloi, les pacentes apres rectures faile alui delcrie

615 126 2394 200 par buant à la rquisition en presse signes Balu et Rerinele en marge ent rat controlle

202 347 168 95 pII

583 199 2409 210 autoit de la montage Jle defance le viagt e un firnairs delan troiû signé trivier

301 464 24 52 3

568 297 2427 213 handie lan ru Caugutré par moi Gruffierr datubunal ccvil de Isle de France sousigné

1108 393 1956 153 de ougmal dudu testament a mai presenté aut effet et par mi denule

227 523 133 120 301

1057 471 1668 129 raiu apar mention fute surcecteu du présent emeyestement

455 615 228 109 31add

829 526 2212 172 àar Catoit lavord ocest dlede France le ouse Prancial au quatid de le Repale

1118 670 369 99 Pu et nd

1567 661 241 121 Busson

696 738 465 74 An 47a eI

1768 794 241 80 d

199 827 911 112 cantii doce leeaesion

477 842 2532 206 q Dont les notaires publus aloile de fuance et les témoins ciaprès nommés

239 1001 309 82 lessement

578 921 2449 204 dorsgné fut pesent le Cit Jean quoarde det Clermont natif d'auverque

218 1099 375 82 7e quoarit

618 1035 2392 164 demeurant en cette ville rue des lumite lequel etant dans son lei lix en un

218 1159 403 108 de Pemant.

621 1143 2400 154 appartement de pendant d'une maison a lui appartenantt malade de cop man

242 1293 111 71 1

630 1251 2361 144 roanmonn tain desquis memoire et entendement ainsi quel est appare ausdits

275 1351 329 107 ea 874

1132 1359 213 55 AI7 7876

2054 1341 54 63 33

634 1366 2385 137 notaies et tenins dans la vuc de la mort oiaignant den être prosuus avant davoir

634 1459 2402 134 mis augate affai a lai diett et nommé, le present son lestament, et ordonname

322 1520 272 107 3 S ait

626 1543 442 75 bavett vende le

601 1576 2028 109 dedomiere plontt pour êu exécuté de la manirse et ainsi quel sun.

566 1641 63 112 10

2914 1596 98 91 Lusie

643 1658 2239 133 donne et leque le testatiar a la mommées tophie son affranchice la puusance

641 1755 2335 129 pation dhabitation qui lui appartant au quarteur du Plon par lai agrés du

645 1856 2343 112 Bavrt, plux laquantité de quatre enlavea attachés a la nsteire de la ditte porton

287 1899 93 107 23.

636 1944 2308 123 dabtation pour par laditte Sophi jouir die tout on unafrieu teulement

2939 1969 56 103 la

648 2030 2249 207 de quent al poppit ele cque desriet ledt tesatoeur, la donne en ligue
