3017 2479
2304 1 631 92 quarante quatraime

468 78 1802 135 domée Rosalie Apheline demeurante chez lui testaleur

465 107 2478 215 donne et legue le testateur au Cet Quillaume grard paitre tailleur dhabels

453 210 2508 233 la jouissance peuden doix annes d'un batear de possage et de cinq esclave

461 330 2436 244 qu y sont attactois pour par lui en jour cela charge d'entitien seulement.

440 426 2491 261 Donne et leque ala nommée maiion negrene libre affranchie du cet Merlo

436 548 2523 256 Alomme de ceng mille livrir pour par ille en joui un tont proprieté, plus

451 676 2487 275 declare le testateur quil tera liba ala ditte marion Elimporten de la maison du

438 950 263 96 testateur

841 782 2072 230 coffce meubles et effils qu'ille declatrire lui appartenir étant

1537 939 208 58 7

1790 899 393 81 3502

994 997 500 129 dile a cet oyard.

391 1067 571 93 Lastant esb. 710

1536 937 1410 208 testateur neut et entende qquels mant envonn

422 1082 1060 207 Et quant au Semplus de ses biens

1530 1240 43 83 6

1626 1235 62 52 8

1852 1210 237 69 84 245

209 1294 224 72 194ûzoéer

442 1068 2499 311 du le purdiuce déceux; a sec fesitien nalants pour etre partagér autieux janen

311 1451 62 130 4

446 1428 307 75 Velt

983 1227 1923 265 de peseut testament, le testateur à choisi la pessonne de Cit

405 1450 420 150 Et pour ra

1223 1341 1701 234 dhabits entre les maine duquel ef a dessaioin de ton

320 1530 794 181 Grard maite tailleur

170 1623 1104 179 qed dis ses biens mivant contume

848 1523 2082 305 ei duté et nomme par le du testatiar a Piere yn Balu notain

309 1784 94 106 E

424 1787 394 108 Cefut auinn

1131 1640 1755 256 catte ville ue d hopéta au let Charles Julienne Mactie

432 1882 259 132 pablier

688 1834 382 145 Lemeurant

1154 1751 1766 226 en citts yelle me ds pamplemoisses, au cet franmois

1680 1864 1252 148 en cette ville rur der pauptemoastes

425 1928 711 166 memesir demrcezent

1549 1972 1317 183 pelles du presence desquels le present

399 1972 1233 243 Guihan maitie Boucher demeurant

1756 2061 1171 168 vus lantre audir testateur, ia

343 2203 66 94 3

425 2108 1009 205 témoirns pour le reques et exprès

1297 2159 380 124 celu un i

951 2215 306 122 No lu e

2164 2272 64 34 3e

420 2261 482 150 Testament ayan

371 2368 42 76 42

1029 2153 1869 259 faid det fassé en trevit aariquintion da du testateur

702 2382 296 94 pesnilir

1347 2400 150 77 anie

1502 2430 17 26 1

1518 2272 1388 187 le lulé de la prenvire dusde de pacrie

2578 2393 326 84 la mote
