2542 2479
391 1 262 49 1

939 1 537 63 Pnr

287 81 56 107 4

349 77 197 49 àLalot

1614 24 14 47 4

1693 17 346 61 A 4I Abve 34

362 61 2067 146 Et pour emecutre le pesent testament, le testateur Dehoisn lea pessonne de Cit

392 147 2043 158 Grard maitre tailleur dhabits entre les mains dcquel il a dessaisie de tous

385 287 710 94 sen biens mmivant coutume

383 296 2061 170 Cefut ainni fait dcté et nommé par ledu testatean a Piaire yne Balu Notarie

388 384 2024 171 publie demeurant en cette ville rue d hopits au cet Charles Jnlienne Maitie

387 466 2047 159 memuseir demeuzent en cette velle me des pamplemoissés, au cet François

378 555 2066 165 quihard maitre Boucher demeurant en cette ville rur des pomplemoasses

381 648 2020 153 temoins pour ce reques et cepès appelles en pésence desquels le present

384 710 2058 178 testament ayant eté le et ala un mot après lautre audiu testateur, Sa

385 796 2033 161 declaré y pessister, faii et lassé en trevit Sarequisition dadu testateur

389 889 2042 167 doit du nond ouest Jsle de France le tudé de la prenoine décade de passie

391 979 2036 169 de lan quatre de lu Republique frantaise une et indivisible apus la moitie

391 1079 1689 121 du jour et le testateur asigé avec la temoins et lea notaires.

377 1136 1988 159 Collationné par les notoines publies alssle de france au ladette puir cestifiré

392 1210 2009 150 veulable nqués et paraplhui acclisir de l'ait de de depot d acnf pairial faie

391 1286 2021 164 par le cet Grard dcement controllé, dont le double eit dles autres pails peits

384 1363 2009 156 a la pemière munutt dialui le tout reste autonvoir de Bele lun deux qui a

385 1433 2050 167 delivie an presentes ceyouusdheur ouse Fainin de lau quatre de la Republique franciis

387 1534 775 133 une et indevimble egné Bala

738 1576 1649 151 Euregistéé par moi Gruffier dutibunal icoil de la Colonie de lble

745 1656 1634 135 de france toussigné uir lui enpeditin dedu Lestanant amne

752 1710 1685 168 pesentéé a cel effet et par moi renduc après meution fait tuu

749 1819 756 124 uille du present unnegistrement.

744 1842 1621 177 Autoit du Nord vieest Jledle France le duxe hancal au qualre

748 1995 217 130 dSa lep

1026 1977 326 115 ler uaet na

1424 1968 480 104 husson

1618 2083 334 72 1

31 2130 2338 215 eestament d'André Paurvant le notaie publée au Consis raprierr de Poudichery Soussigné rouservé dans

27 2326 354 78 Benry offer de

395 2207 1996 190 ses foumtions vivort de l'ontornalion expresse du gouvehelmant duMadres accordee

31 2271 2384 190 e Me mnle ala requisition de  m. chemont et mottet ci devant chefs ete la demmistratien fanc

854 2333 1507 144 résent sieur andru heury offiecer demanne machande autef

1472 2407 896 70 es aus tunt en ans menoir son
