2479 3142
302 15 1113 101 Fppé

1448 17 275 79 d

1995 19 78 97 11

2098 76 31 65 1

302 89 1517 136 I1 ale de 5     10i10 114

1965 148 201 108 Audot

286 205 1700 130 C 4 Ved feee le anne Gens an qalies de le Republe

295 300 808 139 e ii ne ible nye eu foy

2018 284 80 80 le

2281 235 58 82 10

2201 349 150 99 vons

644 429 1515 160 Essrquée ar mor Gruffier dul boux avil Soussigné

661 555 1100 113 Vestee tumenttonné a moi de lévie

1777 588 375 101 par le cet

2208 535 129 86 tue

663 658 1496 157 du libunat cepel a cet effet letout enon fonmite

2173 596 84 116 1re

2259 624 103 128 le

684 782 1686 165 lunite de lofemblée Coloricale du vingt cenn penton

2199 764 129 82 de

677 900 1622 142 demier duement sanctonsa et enregistre, un Poit nu

693 1003 687 149 le den Gemmel au &^ee

1482 996 307 131 Busson

2325 1010 85 89 214

296 1258 2031 120 tuivant le Etoyen Jean Beptiste Louis Gevin nolaire publie alo de

314 1363 2063 115 de fance toussigné et des temoins ccbas nommes fai présente la Cetorenes

76 1443 2258 140 desament, une fpamoite Julle de coseur me dans lende agèe de vingt aue

179 1534 131 103 enne

24 1523 140 116 lal

315 1565 2013 129 tlant denm e moment molade de cop, mais same despue memoire

20 1630 152 105 alie

310 1660 2107 139 et entrudenent, ainsy quil est apparu aud n^ laux dits Tesmoins

333 1742 351 120 Soussigne

438 1838 1957 144 Laquelle dite jatie etant Sur Labitation de la Ser

2379 1881 61 82 un

441 1948 2017 134 Jeuve Joly aulieu dit la Risierre des Calbasses Canton det pairl n

336 2042 2094 134 dous an pavillon dé perdant dud. Et ablissement de lade Veuve Ja ; trgustée

352 2133 2090 127 dne fatie dans latus de lamort ee Craiquad d'eut tr de pprise

342 2227 2070 124 afoit le de sur Destamert Mordonname de deniers Volouté, pour

340 2326 2102 117 Etre Toenité apres Sondués de la Franire Banci Rini quil ui

515 2421 1934 150 Laditte rune Framoise qulie Cestatriet donne 4 Leque au

398 2517 141 85 deu

347 2555 2098 131 Ceouqustit Bouquellar du pres le déces de lad. jalie tous

336 2658 2108 134 Les Dier qui Sout dans ce moumant a Sa possession géné valleme 'quelinqu

342 2759 2049 142 hardes, finges, Monchoirs, Boucles dore leles & aussi La nommes det77

340 2855 2112 129 tegreste qudienne qu'elle dant de Sa génésosité, l quelle La y

336 2963 1289 110 a an Sonne Comme a Son Bien faiteur.

2337 2988 65 59 1.

481 3047 486 93 Et Pour Exécuter
