2088 3508
1912 11 97 117 29

444 73 1559 140 danre les hauts dela gran de ravine, paron haut de

447 175 1597 131 Laur dI libré, et par enbas dusieur Pierrchoureau

450 268 1544 126 D°) dune somme de Troix centre Sicortret qui lesi

444 362 1550 117 Sera comprée aue vitot que sonaffranchiisecort

435 441 1544 131 dera confoimé d°) et enfions dune part d'Enfant

444 532 1015 114 dans leur future Puceission.

497 602 1547 131 Tu l'avis de Monvieur Leproeureur général de

453 704 1529 120 l'He debourbon. conterrant que les formeclitér

456 792 1567 120 dedonnées par les toix, ayecns été cemplies, et le

453 885 1591 111 dis affsanchinepourant aumoyen des conditions

462 973 1558 123 exprimées en lacte susmentionné être acharge

462 1052 1599 131 à la colonie, il neroyait par d'émpècherent àlademande

476 1145 1559 126 Et attendre que lu autres fornalités rélauves

464 1233 1585 126 à l'affeun chissem ent et préscrites pein les Froclas

464 1315 1550 117 mmations det19, Noseombre 1311. et 4. février 1813.

467 1409 1550 125 ons été remplies, Nous confermons laffran

464 1496 1480 126 chissemcors accordé par lenommé sanvies

470 1575 1591 138 homme libre, et Anastazie son époure majeure

470 1657 1574 140 par lui autorivée, au nommé Patrice crévle

467 1739 1588 152 agé de Trenteans leur fils et leur evclave, et décla

473 1844 1536 114 Cons en conséquerice que le dit Catrice, jouisaa

467 1923 1574 143 lavenir des memes devits, avantages, privileges et

473 2020 1591 125 im murités, dont jouissent le personnes n'e libeel

473 2098 1585 135 à la charge par lui déséconformet auxobligations

482 2192 1532 134 et conditions inposées par les dices proclaumations

479 2280 1573 134 des19, Novembre 1811. et 4. fevcier 1812. par la proclama

485 2364 1570 132 Ation du 8. Décem bec 1812, et par les cuitres reglemeort

482 2449 1550 138 aux quels il n'ést pas dérogé pas les diles proclomation

514 2543 1404 120 onné auport Louis, le 22. Juir 1814ai

848 2625 1032 140 Signé) R.t. Fargichar.

500 2663 523 175 (ar. Oedére

529 2785 865 167 Digné (Ch. Celfair

742 2870 1296 173 Seeret, corchef Jugour. par intérim.

1397 3016 147 158 Dit

746 3227 1087 155 Dep. Secretí du Gouvernont pas srtaimn.

833 3329 137 114 A
