2792 2479
2002 53 707 102 quarante septienmme

476 173 2252 146 Olemperant, nous les avoins Récüir et tracées Cmme

476 338 227 95 Siunt.

647 398 2027 134 Bemiezement dé clare le testateur quavenant Jon

457 523 2260 142 dicés, il vent et entenr qué toutes ses Cittes, St ancunes

457 625 2278 157 Sont, Soient exactement Paspèr et Pictevice Sus. le plus

454 750 2293 157 Tair Poduit du bien qui se trouvera lui appartenir en

443 915 631 102 Ceste Coloné.

691 968 2054 176 de clari le Dit Jacques Breton iqnorer le Cien qui

451 1112 2215 171 peut lui apparteuir en enrope, mais quavenant Son

442 1198 2172 219 cicis, il veut et enter quils lassent au Pouvoire set

433 1451 385 102 Propriété

862 1323 1879 167 de ses heritiere direet et, Legetimes, dans lodre

407 1575 700 109 it fucccbions

1126 1441 1634 179 lesisistitiant en Conséquence Pour ses lépataire

443 1698 857 111 univeitilce touchant.

668 1766 1173 149 Declare le tstateur quaveisant

1844 1724 810 117 sin decés, il veud et

449 1885 2205 172 entend que la nommée Marie negresse nidiene  agé

439 2083 614 135 deivison Vingt

1103 2005 1640 143 trois ai à lui a ppartenant, soit et demeure

449 2134 2275 211 aussitôt affranchie de toute Jervitudes quebronques, et Ces

685 2286 2056 191 laviié de reconnoitre ses bous et ficate service, lui
