2483 2808
408 1 2064 109 moustique de moustilin, on Sex Dclaves nommesapto

430 82 1886 125 du rain bigned, mavianne malgaché catherine malgache,

422 171 2012 139 Jean, mavie dosephe et dulie ses entante Eriols, il vent

418 276 2010 132 et entend qua vesnant son deces, la ditte matianne Soit

422 349 2026 165 audsitôt affranchie de Touts servitudes quelenques attendû

427 450 2026 166 qu'il à couir de reconnaitre les bons et fidits dervices quelle le

429 558 2014 144 à coustamment rendués dans les maladies graves quil à eprour

433 664 2037 134 lui faitant En Couséquence don et legt de sa liberte ainsi que

426 758 2010 118 de la quantité de Cent cinquante Piaitree gourdes effectives

419 853 2039 117 Dispagne ou leir valeur en la onoinnoye qui auza cours en cette

418 940 2022 123 isle à lépogné de son décis, a prendre par privitiges sur le

413 1024 2016 122 plui. San produit du bien qui cy ce laistera, recommandant

415 1116 2047 125 texecution de da velonte Exprisse à son exécuteur testamentair

422 1244 637 94 Ciy aprés nommé.

1064 1240 61 75 15

504 1310 1938 112 Euant au surplur det biens qui se touvexdut lui apparteurs

412 1386 2044 122 en Citte Colonie au gour de sin décé En quoi qu'ile vuittant de

412 1474 2039 120 mouter Sans exceptions ay réverve, il vent et entend quile vastent au

410 1567 2018 127 pouvoir dit nommét Marie Autoine Epoure de francois dodin, et

407 1647 2024 125 BineAntoise Sun frerd, filleuis de lui testateur qui déclard le

412 1751 2041 102 institeur Ses Legatires universels et de Compté a dornie ; obvervant

401 1839 2044 107 Sen lesent qu'il desize qui le dit Francoit dedin ne paisse

166 1931 2293 103 d Siminister, dans ses caffaires, et quil ne puitte non plus a larar

274 2045 77 95 3

397 2038 2071 86 my autrement ditposer du bien qui vourza encomber à Jon épouse

397 2140 2057 95 au moyen de la présente Disposition de vapart, foudit su

396 2229 2066 98 la récoimaisance des preurie Dattachomente que les dits mazie et

218 2327 30 59 4

287 2324 76 72 35

405 2321 2053 107 Ause Antoine lui out Constamments demoutier, notament dans l

185 2393 990 123 audi inSadtie qu'il proure

48 2505 331 70 MMBOT. 2V

472 2497 1984 130 i Déclaze le tstatuir qu'a venant lou decét il vente

558 2692 10 52 1

2163 2648 271 57 dd
