3350 2479
615 232 2685 174 Cent buize Nᵃ et Ve Signé Busné se crétaire un mot royé il

1147 407 2117 203 EnGéosistre far moi Etienne hiacuittre; hassin

1140 572 2163 186 greffier du trébuinal Civil de la Calouis de lis

1118 699 2192 200 de france Soussogne sur torigenal de lrditte acte de

1103 874 1486 163 liberté à moi Présesté à cet effet.

1355 1002 1924 154 Poit mO isle de Fravce la Cing Vendenmiane

1119 1155 2097 160 au feptieime de la République Fancaire une

1103 1326 576 115 et in divisible

1852 1349 289 95 duhon

322 1513 490 123 du daoust.

489 1648 257 70 nenn

2734 1545 516 131 Par Le fousties

140 1601 2543 265 Coutrat de mariagesun Contrat de mariagé ieu

130 1904 313 98 du d

472 1817 409 134 Paridon.

1195 1680 2011 186 qui ui a misicutte et don Toufren notaire de Cette

428 1954 252 92 a. de

1173 1882 187 84 lale

1402 1760 1857 172 Jous la datte du deux Roustonil Se pet qua tre ving

1143 1833 2113 212 on le Ducusent Controlle le Deux aoust. de la mémdarne

121 2010 952 208 Demoiselle Ce Valois

1734 2013 270 101 Entre.

1128 2085 2070 191 S^e Joseph Marie Vandon Bourgeon  Cette velle y

1130 2229 2054 167 demeusant fils maseur du sieur Francois laridon

1329 2342 1464 135 ¬marquerite le louette, de la Paroisse

2841 2333 80 100 de

2573 27 701 99 cinquante quatrieme
