2856 2288
2174 26 548 94 dis huitienie

39 250 76 63 61

1609 186 1155 155 rance e la resivance du canton de

197 297 1042 159 Parsevant le notairde poublie

1242 264 356 119 a lisle de

21 429 1592 131 la riviere noise et les temoind ci apres nommés

263 446 2501 242 ut preseute, masquerette eitrgenne de couteur, hatitant aus lieur dit les plaine

878 633 344 53 71

44 594 2710 220 faint pierre canton de la reviere noisc, de prétent sur lhabitition où rebide franceis Azy

43 680 2726 242 dituce susdt lieu la ditte citoyenne marqueritté trouvée dans un pavilon bur son lit mala

55 804 2695 214 de corps mait tlaine desprit etde zugement ainsi quel est apparu aua dits notaire et

43 1065 250 80 tamoits

1119 990 73 79 1ai

174 1046 2533 209 Saquelle dans la rue de la mont dont elle na par voulu être prevenue sans avoir

72 1305 268 104 fixe bes

348 1272 276 96 dernières

633 1166 1676 168 volontés a fait et dicte son testatrent ainsi qu'el suit.

231 1252 2514 233 e fait et institie pour mon legataire udivertet dans tous mes biens et dicoits

66 1382 2692 229 francois ary citoyen de couteur, je le noimme auon pour moii Exécuteur testamentaire

59 1521 2248 200 rue debsaidissant à cet effet de tout mes hiens suivant la contuine.

302 1599 2414 205 àargoque tous testamatits et codiciles que ye pourrois avoir faits avant ces

99 1727 2573 201 rctentet aus quelles seules je marrête comme conteuant met dernieres dispositions.

122 1830 2652 210 se present testament a éte le et relu a la testatrice laquelle a decare y perseverer

222 1960 2560 181 list et jogosé aua ptanses saint pierre cauton de la reviere noire dans te pavillon

48 2073 2720 187 su esigué dependant de thabitation de Franceit ary ou le notaire soussigne s'eot capres

1046 2169 1713 117 siaieine de la republigné sur les dis heures du matie
