2479 3350
173 106 232 89 testament

227 173 93 55 di

537 74 1850 149 Vardevant les notaires du roy a lisle de France et les temoins boussignes fut

182 180 2283 140 ditr dibant present monsieur Eanmannel Victor hoibandt cevoyen de cette ville y demeurant pariissn

482 268 1974 117 Louis fils de feu Mte perre thibaalt e de marie dongounnt son epouse ses pere

240 392 143 88 74

509 353 1623 134 mese, vesant domicilie a paris, paroisse S^t Jarques Da hat par.

277 474 43 52 1

537 442 1902 121 Lequel sain de corpt desprit uemoire jogement et entendrenent aendi qu'il

18 549 17 94 9

433 522 2010 107 ett apparu aux dits notaise et tenmoins detant trantporté avec les dits temoins en

426 599 2019 111 Retrede du notaire soustigel à leffet fait dicté et nomme le present son testamont

429 670 1193 106 et ondonnance de dermeres volontés comme suit.

545 761 1900 100 Declare le lieur testateur qu'il ne connait aucunes des personnas qui peurent

426 837 1965 106 pretendre a sa tercessnor, que tout les biens qu'il por ede lui provicenent de

422 908 2025 110 son taavail et de sou cenornie, et consistent en uue petite maiton dans la

437 986 1960 128 quelle il fait sa residence eu quelques effets mobilieit et daiers comptans.

526 1085 1910 122 qu'il a recu depuit qu'il demoure en cette ville les plus gnandt servicas

448 1165 1962 139 de la nommée ettaiie negressa Judicnne veuve du nommine Misointe noir

442 1230 1971 158 de detachement qu'il ett extiemement attache au nomiié Eimmanmel psepts

457 1310 1956 150 Mangue, creole libre enfant de quatre aus, quen contequence il la retire doce lui

467 1392 1680 152 afui de poursoir plur durenment à don education et a son entreton

562 1460 1866 172 Et désisant reconnaitre les services que lui continue toujours la ditte veuve

448 1555 1969 159 Misiente et donner au dit Eun manael posept Mtangne des preuves de tent

450 1628 1969 188 son a llachensent ; il donne et legue a la ditte veuve Missente tous let biens qui

454 1697 1965 197 lors de son decès lui beront dus et appartiendront pour par elle en jouir au

455 1795 1962 179 toute proprieté a la chargé par elle de fournir a la subsistance entretien et

457 1864 1943 181 ducation du dit Enmannel psept Maugue, et en cas que la ditte veur

463 1950 1952 173 Missinte predece de le dit Emmanuel psept mangné le dit lieur testateur

470 2034 1938 162 institue au dit cds ce dernier son legataire univertel pour par lui joinr

469 2108 1922 168 des biens de lui testateur en toute proprieté, car telle est la condition

461 2179 1932 186 sons la quelle la testateur a fait le susdit legt a la ditte veuve Missinte

1 2294 211 91 Eestaime

234 2317 112 63 Ison

480 2285 1932 175 qui ne pourra disposer en quelque mannere que ce toit des biens aella

61 2374 95 82 de

480 2361 1100 108 lequés que dans le cat ou le dit Enmanuel

266 2404 65 76 2

1 2443 218 73 Bemare

539 2445 1878 162 Et pour exceuter le present testament, le dit dieur testateur à choisi et

1606 2413 824 153 Josept Mangne de ce denoit avant elle

485 2519 1919 159 nommé le lieur Saurant Peurot maitre plombier a cette ville qu'il paie

487 2590 1913 168 de lui rendre ce donier sernie, et pour lindenniser, des peinet et bouis

502 2666 1902 164 qu'il prendra pour la ditte exécution le dit dieur testateur lui donna et

500 2748 1804 157 leque une commission de cinq pour cent a prendre sur la maise

491 2821 1779 156 tosale de les biens, le priant daccepter cette commission comme une

500 2897 1245 101 marque de l'amitie qu'il lui a toupours portée

586 2988 1170 105 Ainsi fut fait dicté et nomme par le dieur

1779 3044 610 125 testadeur a maitre Jean
