2479 2808
388 28 2048 120 le Citesen Marquette cotteris est le propriétaire, Pour

224 188 44 61 1.

404 145 2000 113 treute mois à Compter du traite qui en à été fait

416 265 1992 114 entre lui et ce dernier Suivant acté au Rapport du

390 404 1953 113 notaire Jossigné qui ein à rétenir minuttet présent

391 539 2045 106 temoin, sons Sa datte quin contéquerice et aus S^'ternés

410 656 2005 100 dialui, il doit lui rester Envison Vingt deux moi de

405 803 2038 81 douissance du dit noir, Pourquoi, et ai Cas de jon de ces

418 898 2017 116 ilvent et entoul que le dit michaiis lui snccade Pour la

410 1012 2019 104 ditte Souissance de la quille il lui fait transport Vion

418 1140 1968 100 et Sunple Sans aveuné rétributions quelconquid, mais

421 1233 2028 147 Jeulement Sont les conditions de Remplir Ponctuilement

432 1365 2011 131 eivere le dit Marquette Cotter, toute les conditions

427 1499 1562 140 quil Sest emposiée var l'acte dout fagil.

700 1617 1672 136 Déclare le dit Bréton, qua légard de toute les

447 1755 1977 115 autre biens omeubles, inmeubles, a ctift, et autres de toutes

438 1878 1992 123 nature, qui se trouveront lui être du et appartenir en

425 2018 2016 112 Cette Colonie, au Joir de son deces, et veut et enteur.

433 2135 2031 145 quile Passent au Pouvoir et Propriité du O^ charles lains

427 2286 1967 113 sorr amie, le quel il inotiteun, qu'ant à ces bour sos

425 2424 1980 120 légataire universel, sos les Donditions d'acquitter

2166 2753 44 45 8

166 2155 47 89 d
