2950 2479
78 298 66 64 e

78 436 66 101 3

595 173 2180 107 Enteid; que la ditte viive antoine, ne doit miltement inqueite

588 291 2192 91 pouricequille poursa lui redevoirs resultnt de la rente ainniuelle

1314 256 17 67 1

575 393 2147 83 et viageze à lui etée pourt le pris de la ventd dit

571 479 2164 99 habitation Esclaves et autres oljets relates an contrat dout

580 582 2131 98 est cy devant parle i lui donnant toutes quittancet et

580 674 2229 108 de charges, ci touchant, dans la vel de compentir let, depeuret

531 778 2042 99 Extrandimraite que sa position actuilld lui rociasionne.

1372 745 37 48 35

1486 743 137 58 m

733 893 2076 86 Declare le testateur réveques commé de  fait il revoque par

558 976 2179 120 ces pretentes bouts Testament etdispotitions  anterieurs à

563 1076 2196 109 icelles, pour lexe cection desquelle il nomne et isnstitut le

570 1173 2206 102 Citoiyen audre Gui Motel Sousvoisin; dans lequel'il etabeti

567 1283 2162 103 da Confiance le priant en consequence de faire acceptation

2295 1342 80 73 457

569 1397 2178 104 de disaissant à cet effet en dest manis, de tout det bient

551 1486 2239 123 Conforimement à la Contuime et auf reglemente pour par lui

2411 1475 9 64 1

560 1611 2157 132 au dit cat de son deces, en faite lesremeteset Emplois sur

552 1761 525 77 indigne

2328 1709 146 57 d an le

686 1812 2094 128 Ce fut ainsi d'ait et dicté par lidit Réné Gendon aux

559 1941 2092 104 Temoins et notaite sus dits et Par ce dezmier lui et

552 2047 2148 100 relië un mot a prid l'autse et bien distineterment au dit

544 2151 2242 93 Testateur, qui à dit et declaré vien entende dit cossrendre.

520 2247 2246 108 le contersie au prisent son testament, dans le que lil sersiste

535 2353 2238 108 Comme reufermante ein tents Points ses volonté aux quelles il
