2479 2983
631 49 1784 101 Se vous Seivoise les Conditoinn demonvin

442 174 1960 104 t Douts ames Papiers, ma Procuration qui

442 296 1982 106 daffrai chie affis que Voux  ne trouviat aucnne

411 440 2018 120 Contettation, à effestuer ce que se vous Prescrit

434 611 2016 106 dexeeuter can der sonne ne peut mun f répour

439 740 1514 100 à onis dornieres Volonte que vou

611 883 1831 154 Dais au cas qu'il vout arriva mal ce que dien

437 1034 1990 114 Ne Plaise Can nous Donne Dous mortite, le

527 1168 1908 109 Lart que Notue fils aine Reu Droit Votre a

434 1269 713 142 en tont, et ferit

1150 1257 241 70 Cxéauter

1311 1325 1108 98 comme horitant  de toute

436 1445 1658 109 Vot Drorte en tout a qui me Conceime.

688 1561 1761 134 Sevent et enteut que tout Ce que de vais fainn

2112 1509 32 35 1

656 1663 1763 130 meution soit à compli, Car tit est ma

628 1788 1791 107 dornière Valonté, etant bienn sent di corp

640 1894 691 97 et Riput

596 2078 1821 96 Vit marsivoit de fiuir ma Carrirée sans

517 2177 1870 121 e voyage de ligné a la Citoynme Vectoir

452 2303 1963 108 femme de Couteur, et à nos Prois en fants oent

1442 2267 13 58 1

442 2432 1907 123 une fille agé de Cont and nommé Ctherine,

406 2572 749 130 Sosephine, un g

1049 2522 123 78 5

1588 2560 768 111 de Sept aus

1596 2731 131 71 317

1598 2835 216 88 12
