2479 2883
440 1 1830 85 au quatriene de la Dépubli que francaine uné et na

440 67 1878 125 Aepou dant au 117 Const 1796 (e S.) 7 que

447 174 1975 133 diquenot. Pus Devest ecrit hour Capie aonfoine et

463 277 1982 142 Lettesal de la mimitte de pases au greffe et ennasé au

455 353 2014 170 troces vebal dapposition de scellé faite au demicile de

463 446 1990 185 de funt le vigt huit lheinne dor au 6e Signé Devicte fels

450 542 2008 167 enndige del dce vontollé au poit M l le M functidie an le Luis melle

467 627 1995 151 Luree regoi manchandire (Mᵉ le present testament na été controllé quapie

459 696 1960 173 temegistrement et le Enrogittré dar moi Etierne hiacinthe

466 818 572 99 onse fuclidor au Ceme

1003 807 1381 145 husson Greffur du Hribunal Csvil

974 900 1408 139 de la dolonie de Vitle de france

983 1010 1476 122 Jousigné jur une expédition dee du Eest ement ae

1030 1117 519 100 presentie aut effit

1046 1174 1413 115 Ausort du Nord ouest Ie defrance lehiun freulée

2217 1268 221 83 Bufson

990 1265 1190 104 au Sesieme de la Repe fa une linde

285 1576 99 46 Lae

504 1513 1920 189 Basdivant Les netaire du Roy à Viclé de Fance

88 1614 378 101 testament

83 1716 402 108 dadam Biuquene

506 1648 1785 187 Poussigné et les temoins ci après nommé, fut Fresent.

451 1753 1856 196 M^r Odanm Beguen et Bourqeois dimt à la Geande

474 1865 1964 202 Cisèze pres la ville, du eert louis Paroislé f^e touis

490 1989 1923 187 Eant au jour d'hui en, la vitte Ville fits de foud Sir Ctande

499 2109 1877 174 Biguemet et de françoiss Charlet Jun épousé ses perd et

490 2221 1891 159 mert de quin qui ent Cidevant franche Cointé le dit. Su

487 2349 1956 123 Sain de Copt, d'Eprit Sugaisent et entonicement aisise que

499 2452 1872 121 dar ses harsle d actions il est a japarie aurf dite
