2479 2592
571 1 322 55 quelle ma

927 1 74 52 1

1732 1 178 58 de /e

566 1 1138 147 mille livzes qu'elle avoit anratser

560 41 1855 183 comme le malheur ma teujoure pour suisi et qu'an leis

571 131 1843 200 de gagner e'ai Tinjonr de peuse, et que de Serois faché

576 244 1828 190 que Cette fille, qui ma toujours été tres attachée, en

579 335 1817 196 fut victiese, de veux et entend que le nommé libis des

580 498 1242 114 Casle in denne et qui mavoit forvo

1871 450 564 85 Sus qua ce monmerit

573 525 1832 179 de donestigue lui appartieune dit ce monsent et fans

574 656 1828 156 que qui que ce soit puisse lui contester, ainsi Ge

597 747 1798 163 Parmoire Au dont renfermée mes harder et les

568 848 1823 155 Siennes, la table qui est Dans ma chan bre, la

573 961 1898 150 quatre chaives et mon lit Garini et Ses dee Lmoustiguain

567 1085 1855 137 tour levirzes à jon ce snge et à ceux du voir qui

568 1196 1840 134 Se touvezont dan le magasin, Cinst que tous lesi

571 1314 1846 130 Vstencile à jon nsage; le Surplus qui ne pousra les

556 1425 1817 112 lui Convaner deza veudie, pour liquider me Dette et

558 1520 1825 120 touter fois il yena si dai dis bous de hoit, l'un hrour era

554 1596 1840 130 Surement Deans ndit porte feuille d'autr Boii pour ls

560 1697 1834 115 pasyer si la veute Se levoit plus hant que mes ditts le

553 1784 1836 135 Surplne Sera reme à la dite Bosine, ne Vedlant pis

558 1863 1854 124 la poiné ditre esttifé à nmes Varent Si far hatand les

561 1944 1864 125 delles Execedounit la Aeatte, alors Chanie Paroit Paigé.

568 2039 1857 125 au mare la livre, néutendent nullement quaaune ditr

570 2128 1849 144 Ifate de l'antre part propes et à luvage de la ditte Rosin

568 2221 1854 146 Soient veuduis, tellés font, met volantes, les quilles ne

568 2314 1808 132 naivent être change, etaide quil se me fort biens et de

1542 2465 88 57 a

1670 2481 10 51 1

2189 2423 245 65 duqt aoxt
