2479 3050
172 8 2271 132 nommée Chaterine Rdam Bigneneh dit Contoi Citoyen

733 115 1703 142 Résident a la grande Riviere du Canton

381 252 1587 137 6 du Voit Louisanert De cette ville

743 384 1641 137 de quil oulant Reéonnoitre à la nommée

525 496 1862 151 Catherine Don Esclave de Caste Beugalie

523 650 1630 136 agee Renvison Quarante Cingan,

2189 654 171 78 des

533 787 1884 104 Sernices q'uille lui à rendui depuis environ

523 867 1944 147 trente aus qu'il en est Bopuétaire à Par ces Présontes de llaré

523 979 1915 139 Duiomeer Commé de fait il Dinonce à tous droite de

516 1087 1885 146 Bopraté quil seit avoir dur la ditte Catherime;

525 1186 1942 137 Consiutant qua Compter di ce Jour, ille soit et demeire

521 1274 1859 152 Libre De La dersonne et Commé letle démiste de tous led.

525 1380 1847 134 Rivitiges et Prerogatives attaché auf Versonne née de

521 1487 1932 132 Condition libre duns neanmoins Déroger en auciure

513 1611 1832 120 Maniere au l Régleniente faite et à faire sur le

510 1708 1933 116 Sorte des affranchie ledit Bignenmt ayant Prcalablement

510 1814 1877 115 Représenté aus otaires soussignés on Certifcad ds

591 1936 19 66 8

493 1916 1958 129 C Enout Rrocureur gneral dandir ece datte du huit

496 2026 1945 124 Présent mon, Portant que le dit affran chissement a été

508 2114 1948 134 duement notisié Conformement à Varrité de Passemblée

494 2248 932 112 Coloniale c cet dupit

1486 2251 69 65 1

654 2304 1811 125 et dour que la ditte Catheime ne soit Soint dans Le c

504 2401 1952 152 ditre à charge a la Colonis; le dit Bignesit, Luisfait

499 2526 1941 119 dar ces Réseutes Donnation Pure et Siin ple, en treviff et

491 2656 1957 116 irrevocable, ala meilleure forme que donnation Vuisse
