2542 2479
1022 1 850 40 amomenlans leim Manie Cilexi

523 38 1947 91 commerce demeurant en cetto ville au thamp demers, ein le charge pae les presente

515 121 1949 95 demer demières volontéer exprimé dent les articles Seuivant.. Premierement

524 199 1954 103 le sieur Bon mon Exccuteur testamentaire que pcharge de mer effaire dᵉ de ma procuralias

518 283 1977 90 fefera aeudre compte dtetonte les sommes qui poursant mmête dces par devers lant

518 356 1935 106 de la cousse que p voux facie hur la gélette l'aibresade cafitaine Du fautte que dles

516 417 1928 125 fouds que je lie ré laissé en mainn desquilles sommés, d fera un tont on capitet

518 491 1950 109 qui fonnera letdal de mafrecuession, dent je veux quil en foit disposé de la manière

518 582 1978 99 Suivante. seuondement, j légue à ma négresse Ditsy faqui jai donné la liberté

512 644 1984 113 pour les bous vervier quelle ma rendrus, les deux tière du prodiuit net de Ma saccessia

507 732 1986 97 lui ligue tour la meubles leffets qui pourraient mappartenir. fe charge mon

493 805 1985 94 taraiteur testamentaire d'imployér laditte somme de deux ttere, a acheter enton nom

154 897 255 58 ma mere

500 880 1941 99 et celui de son sils agé dequatone mois, uné maison dons le compet des enlanc

498 948 1948 120 li la somme qui lui iniombe le permit troisiemement je ligue à marie Delpalre

501 1035 1980 113 la fomme de deux cent pastrer effectives, je charge mon Exauteur lestamentaire de prelece

500 1100 1912 103 laditte fomme fur letotal de ma sucession et deles faire parveuie a ma mere par la

500 1177 1949 112 nor la plus suie quatriemement jeligué au ces marie alexis Don mon Execcileur

497 1254 1940 142 testamentaine au liure du prodeit net de ma fuccession pour le dedommage des peuu

496 1333 1928 151 et fouis quil pendra à réglor mes affacies, le pié en outre de vouloir peudre soin

494 1404 1921 170 de l'enfont de la ce Bitry deveiller acqus quisse avoir ent éducation

496 1502 1877 150 conmanable et lui faite peudre un natier Cosqu'il Sera en age, Lesqueltre.

491 1587 1910 138 artielle cadimes et des autres parts sont me dernierer volontés ei veux quelles

491 1655 1942 164 sorent eacentée suivant leuur fonne ct leceur, enfai de quoi jai segne Et paraphe

494 1742 1907 168 leprusent testament jour quil ae forer de lai ce dront en jestice fait au port

494 1848 1937 148 nord orant Jsle de France le jour mon et au que des outu paits sigtes Deljicl

490 1911 670 88 collationné jque ae ville fila

895 1958 1542 132 tegistie par noi Etanne hicuellie hainon Greffer deu tubunet

894 2036 1540 113 evil de Oosle de france jair rune expedition dudie testament

903 2111 1375 131 demeuré au quffe du tibunat de paux decette velle

894 2189 1540 138 AuPot du Non dient Jlede france le taires theuidor au

896 2266 761 102 ly de la Repe far une bonde

1678 2306 249 91 Bussion

710 2401 742 76 Eoanit d Megesten de Guffe du Tribu
