2427 2446
119 23 59 81 3.

1256 54 97 41 1

281 44 280 95 testament

949 125 85 53 "

376 114 132 87 de

595 173 1743 100 Pardevant nout Douis Louit Dusand notairer publiet à lible de France

307 201 246 84 Jeanneton

1534 255 17 45 1

1156 259 189 41 3 21

447 267 1869 121 doussiquet et les tecusoins a apres nommer fat parsente Citoyenne geanneton

2333 319 28 54 —

472 341 1896 134 mabharesse afranchiie de atoyen jean pierre demeurante en cette ville dans une

470 419 1905 153 maison a elle appartenante trouvée pur nonr dans un appeuty faisant partie

463 498 1924 151 de la ditte naison sur son lex essise materde de coaps toutefoit tine desprit

464 584 1871 163 memoine et entendecnsent anssi quil nons est apparie et aus dits temonns

1401 614 205 50 iI

606 676 1744 147 Saquelle craignant detue surprisé par lu mort avant davoir mis ondre

464 736 1613 145 à ies affaires a fait et icons a dicte don testaisent aindi qu'il suit.

623 831 837 97 Jai trois aufauts savou Jean Baptiste

1478 866 883 86 age de touit aus et deni auvut

478 919 1878 94 marie Louits agee ie lia aus envaot et antorise age de trat au envison,

1047 971 222 48 1

464 1001 1831 101 ge leur donne et lque tont ce qui se tronvera mappartenir au gour de

1405 1064 13 43 4

468 1081 1884 125 mon deces taut en meublet quunmeublas et rufin tent jeursalement quelconque

474 1138 766 97 Jntitieant mes dits teoit enfanto

1269 1191 1058 105 Jeau Bepteste mave Lonse et autotise

472 1202 579 99 mes legataires universels.

1160 1217 151 69 I 8

1330 1242 13 61 1

1697 1266 24 43 1

2011 1281 27 61 4

616 1290 1683 166 dan le cas ou lat ditt jean Baptiste nmlue Louise et aictoiine mes

470 1368 1841 163 enfant iendroient a deceder en mnorité. on dans Voir vadullement

467 1441 168 83 dibpose

654 1455 1645 174 je donn et Segue tout ce qui mappartiendnt au quues de mon

455 1520 1318 152 deces au estryen jeat pierre moi aulienr maitre l'institrant

460 1610 1197 144 mon legatiire aivertel pourquoi ge veut et entoine

1807 1618 499 86 dans cu cai la

459 1686 1318 153 ien de ci que ze laisterds ne toit vendu mait teideumt

1686 1714 595 81 quxpaes ma mont

453 1771 1793 192 fait Jidel et cont iniantire pour que le tout si le au rerive, retourne

1786 1788 484 91 quil en toit

459 1857 1245 171 du atiques jean piersé tel quel existe aujour d'hii

587 1945 997 121 Je nom eme pour execcitrur du présent

1721 1950 464 61 17

1786 1992 124 44 an

1607 2032 198 81 tesleaiteme

2036 2031 55 72 14

453 2043 1102 113 jar pierse Marchand demeurant, en cette ille

1852 2061 437 94 le dit citoyen

1580 2085 53 83 4

1644 2119 187 85 puant

1148 2132 388 85 1 1 10

1887 2149 389 97 de mi rendre

1778 2232 15 46 1

1835 2235 264 60 d mode.

25 1331 129 79 Itat

59 1415 94 78 de

14 1489 147 68 Sona

6 1560 152 76 IIaron

754 2320 19 52 1
