2867 2479
2098 34 566 76 treute seaiaine

2701 56 37 19 1

560 169 2217 116 Europe que dans ce cat, et avessant son de ces, il vent

1368 253 140 65 d 34r

1616 250 62 54 1457

546 275 2293 118 et entend, qu'ils pastent ans pouvoir de dit herilier ditecte

1099 364 92 61 13

305 375 2538 156 enVansi lordie dit duccessions, les instituant en, Consequesce

526 510 1293 144 pour Seslegataire ce touchant.

1640 600 73 55 304

664 633 2109 154 Qua legazd de cait qui luie appartient en Cette

537 772 2230 152 Dolone, Contlstant psinci palemen . Oruipes lin que

505 851 2337 201 et hardes à Son iisage Coipoul Contenie en Varfie dans

983 992 861 62 i apre evl rePratou

301 1054 1236 118 i i Coffre  fermant.à

1483 980 1286 147 Clef, en ii lit garme de seu

1753 1093 284 61 2

511 1165 857 135 paillasses, malelat

1436 1093 1298 147 dape, Convertie de palsia et

2245 1203 298 66 d 2ee 942

2562 1216 7 66 1

263 1295 132 84 d

482 1232 2357 189 mousliquer de mousseline, en dix. Aclave nomé Bapho

509 1373 2289 152 uozan biques,masianne malgache catherine malgache

260 1560 58 60 "

371 1549 116 62 4 4

431 1600 20 63 1

497 1475 2320 183 Jean, matie Josephe et dulie ses enfante; Eriols, il vent

272 1662 28 63 6

352 1643 59 74 422

495 1583 2312 207 et eutent qua Vessant Don deces, la ditte Masianne Soit

506 1685 2333 219 au sitot affranchie de touts Servitedes quelensques attendu

2253 1790 585 110 dezvices quelle

501 1827 1736 196 qu'il à Cour de reconnaitre les bout et fidis

505 1917 2322 220 à constammen trendues dans les maladies graves que la eprour

504 2045 2332 198 lui faitant En Couséquence don et legt de sa liberte ainsi que

502 2145 2308 211 de la quantité de Cent cnnquante Piartres gourdet effrctives

494 2253 2327 202 Dispagne où leur valeur en la onoimoye qui auta cours en cette

1810 2352 1004 125 rendte par puviliges sur le
