2925 2479
478 8 348 111 le deux

912 1 355 89 Priictir on

1275 1 483 74 se Vait Jr

1901 1 37 41 1

2032 1 44 32 8

511 123 304 129 Sezniest

1146 147 1740 138 denist ainsé en Brignial duement signe

1093 269 1815 108 et Pasaphé Contro lte annexé a la Besmiere

1106 373 1806 121 meisecte de lacte de de pot dont expedition et

1025 477 1869 134 a ditantres Carta le toint demeure a Rondevelle

1034 622 1795 96 eluce des anntaires joussignpt Signé

1062 735 1783 136 Boudevelle et auffrais. en marge est cont Cefte

661 928 2251 121 Enregittre Par anoi Etiene hiacinth husson Greffier du

658 1031 2232 145 Tribunal Civit de la Colonie de lisle deftance soussigne

511 1145 2375 157 iffur une Expedition du dit testament à moi Resente

675 1300 529 107 à Ert effet

856 1344 1845 142 port N.6 le 4 fructidon au Sixgme, Busson

691 1572 277 64 3

1133 1586 17 54 1

1442 1603 65 63 342

95 1714 406 130 Testament

78 1827 346 109 De fen.

870 1777 1885 131 Ctrait des miniiltes du qraffe du pribuna

74 1926 395 108 Piquesot

901 1923 1738 105 de Saus du port N. Jlle de france.

540 2053 2336 121 la mort etant trés Certaind et Son heurd in certaime Gout
