2942 2479
333 67 606 110 1 Mayt

330 188 884 65 mismiinitinnitinie

1060 71 25 110 9

218 296 842 130 Affranchissement.

223 442 822 119 Par aam Bdiquenee.

1378 359 1478 125 ardevant Les notaire dublices

235 574 844 118 en faveur de la

1141 555 93 71 et

1330 567 1592 88 Visle de Bance ; Soustigné fut Présent.

217 699 2605 127 nommée Chaterine Mdam Bignenet dit Contoi. Citoyen

2859 769 19 39 2

903 851 1972 106 Résident a la Jtaude Diviere du Canton

585 981 1730 131 du Joit Loiduert. De Cette ville

893 1156 1923 133 de quil Voulant Recounoitre a la nommée

630 1308 2183 125 Cathezine Son Aclave De Caste Beugalie

629 1490 1326 89 agee inveson Quavaute

1984 1490 583 113 Cingan

2599 1516 183 80 de

639 1643 2213 107 Sersnice  quille lui a rendut depuis enveron

626 1773 2288 111 trente aus qu'il en est Boprectaire à Par ces Présontes de llari

625 1901 2261 101 Denoncer Comme de fait il Denonce à tous droite de

618 2053 2220 91 Poprieté quil deat avoir dur la citte Catherine;

622 2149 2299 113 Couseutant qua Compter de ce Jour, ille soit et demeure

621 2265 2199 139 Libre De da Personne et Comme tetle d'iniste de tout let
