3350 2479
151 223 84 49 83

465 100 2696 153 Quand au surptur de ies biens le testateur donne et legue, a marie Brimet sa

2053 181 109 76 32

440 217 2645 143 mere, qu'il institue sa legatiire univertelle, et en cas de deces de la ditte la niere

1161 325 224 61 trd

1692 320 69 49 2

1821 314 834 66 diae a  ler 14 ele

147 425 134 80 2

451 352 2617 102 el lui substitue ses toritiers naturels, chargeant soneaecutiir testament aire

2031 422 361 51 d00n1

476 479 2631 87 demployer les moyens les plus con nables, les plus avantagena et les plus surs

425 589 2696 110 pour faice padoer a sa fositte ce que provsendra de sa sucression, let ligt cisebour

491 692 750 94 remptis et acquittés.

2176 735 18 74 4

641 819 2483 80 Et pour accompter et cacaiter le present testament le testateur a nommme

508 900 2624 105 la pervonse du cctoyen Roger maitre sellier, son aini demeurant sur la chausoer

516 1013 2610 88 en la visle du port nordoncot entre les mains duquel il la desraisit de tous ses

513 1126 2605 96 bieus Suivant lu contume, revoquant et anneillant tous autres testainent et

425 1261 26 88 4

517 1240 2607 119 codiiles quel poursait avoir precedemenent fait, voutant que le present dit

534 1353 668 82 seul son cxceution.

1371 1338 102 69 30

2012 1318 773 71 i 10 2 7

516 1476 2626 116 Prie, le testatece, son exccutem lestmentairé, a desint noin mi de vontoin

1914 1422 714 73 1 191 4 21 9

2869 1436 110 65 I1

3035 1448 13 43 1

206 1570 2929 133 bies accepter pour son fits la montre et ses boucles d'argent, commé uné faible

281 1687 1088 102 marque de la gratitude.

1533 1674 102 50 Ne

198 1804 2931 158 Ce fut ainié fait dicté et nomine par le testateur audit, notaire, et apres

1381 1766 400 72 pd4

318 1932 2817 135 a qua le present son testrment lui a ete la et rele, un mot lenn apres tantie

415 2027 2736 154 puesenet des eitoiyens State Brunet et Jear perie Barbio denieurant tous dens

550 2127 2557 146 au susdit lieu dt hant de la reviere du resmpairt vordins et tensoins a ct requis et

3110 2191 32 34 14

555 2218 2482 179 appellés, la dit testateur a declaie l'avoir hien enteudie y'persister et vonloiurqie et

505 2346 1922 131 idoit ea conté consmé contenant don intention et ordoninane

1574 2349 112 62 323

1851 2386 30 46 4
