3508 2479
559 136 2761 120 mis Jacques Delpeits Rrpitaine d vaisseaux, du commerce na tef de P. caux

563 261 2749 109 de pavement de la Guoude ne le vingt six de fevier mil sept cent sixé cete einy

3360 196 33 60 1

567 378 2741 113 etan ce jour au port noad ust de lssle de france cnlenie faité Hjouissant de

559 493 2820 128 toutes mis Vaccilles phenques Amoiales péveux ceriie de ma maine mes demieres

2101 512 119 47 d24

2271 517 63 43 de1

566 632 2818 110 velontis revoquant dc ce monent tont testament de codicile que paurace pel

1714 611 296 63 334 re Se ee és

2556 599 41 41 49

571 745 2446 137 faire auterieusement auluici qui feut poserra valaie lon demoie deces

1837 845 60 41 14

1988 768 29 50 17

570 880 2840 118 hour mon executecir testimentaire lesieu maie Alexie Don Cipitaine de

3085 783 340 90 tenomem.

568 1009 2771 109 rommerce demeurant en cetté velle au chari de Mars; ci le charge pau ces present

566 1134 2187 117 de mis desmierer volonter expunie dens les articlie fuivané

578 1256 2819 132 lesieur Bon mon Executeur testamentaire pue p charge de méd affanre ds de ma precuralion

1800 1246 27 56 3

2835 1167 542 82 Pressmierement

564 1379 2848 124 sefera aendre ecompte deloided les sommés equ poursant mête deces por devers laut

2835 1363 38 61 4

575 1480 2796 158 de la couste que jvais faiie lur la grelitte lumbiinade capetairie Du fautte qui ele

2293 1481 23 55 1

575 1586 2789 172 fouds que s lu ri laisses en manns desquilles sommér d fera cen teuf oe capélat

578 1729 2825 128 qui fonera letotat de mafeuersion, dent je veur equil en foit deaze dle la maniere

578 1838 2844 132 Juivante, Juondement, plêgue a ma négresse Detsy faqué ja donné la liberté

577 1958 2864 124 pour es bous terviur quelle ma, rendut les deux liers du prodicit nit de Ma Jaccussien

564 2061 2832 124 lui ligue tour le meubles leffet qui pourraient mappartenir. fe charge nmien

548 2177 2878 136 Exccaiteur testarmentaire demptoyer ladan somme de deux tiere, à achetees enton nom

564 2308 2818 137 et celui de son fils agé decquatoise mois, une maisoir dans le compet des enlance

30 2335 374 91 ma mère
