2479 2750
593 4 1834 113 Contrellé au port nord ocest le vingt neut messidot an tirieume recu mille

492 71 619 112 livmes sigue Marchandide.

1205 117 1243 101 Eivregistré par moi etieuve hisemthe tousson greffier

1210 195 1232 110 du tribunal civil de lible de France toussigne sur une

1210 281 1244 108 expedition deedint acte de devoscé a noi presenté à cet effet

1285 357 1183 108 Port noad ouct Vole de France le prensier termidon

1233 441 1221 118 au diaieme de la republique francaise une et indevisible

1300 504 84 71 17.

1722 548 254 87 Bussun.

1484 660 90 70 5

1036 682 327 60 d a7 u ou

1004 682 16 65 1

132 667 494 118 testament. 4

562 696 1848 145 Pardevant le notaire publie au canton de la réviore du rempart et

244 762 121 102 de

505 785 1955 125 noudre don, dela de France, actisté des téumoins et apres nons mes et Fessignés, fut presen

791 884 66 46 34

128 863 387 114 Joseph Duboit

664 875 1796 116 Josept Dubois etant sur son tit en una ctambre deendante de la unuson

489 951 1970 113 paiscepale de son habitation seite au liee dit le hant de la reviere du rempart

1427 1011 498 72 ii   arber 808t 44

243 1052 226 61 r.

496 1037 1953 110 malade de conps, emais vain des pril, yugement memoire et entendement, ainsiy

259 1132 136 64 1

495 1106 1961 122 qu'il est apparie par ses gestes parolles et manstiain ausi notaires et temans souony

614 1179 1840 115 Sequel dans la vua dala mort, desaiginant d'et être prévénce danr adonn

264 1235 270 71 m

501 1243 1956 116 disposé de ses dernieres veloutér, a fait dicté et nom mé son testanient au de

412 1336 72 58 4 80

1641 1344 12 58 1

501 1359 527 71 notaire consise Suit.

1587 1345 586 89 dVar ide nnté

608 1397 1849 106 Prenioineement aitend le testateur, que ses dettes, bi rucunes eaistent, toien

2136 1481 8 62 1

2193 1497 65 44 14

495 1483 1525 90 rarquittées par son exaëcuteur testanentaire ce après nonsnée.

1487 1532 107 59 à De

554 1540 1897 108 Donné et logue la testatoür à la nousense Brigitte etoyenine de contaur, crèsle

1308 1614 287 54 Mttat vor

496 1636 1960 87 un tersans de soiaante dit huit arpens environ; forinant une contenaire d'une

556 1703 394 47 adtra

340 1756 90 45 12

493 1694 1950 117 demie habitation, non bâtie, que la ditte Brigitte ausa la faculte de choisir seur

493 1781 1966 116 les habitations du testateur à la réviere du reciipurt, on suu celles quil a aud Vacon

533 1892 1921 106 Donx eu ontre, le dit testateur, à la ditte Bigitte iinq esclaves travaillant

450 1992 1995 94 miles et femellet, lesquels l'un beront rennis et de livré par son exéciteur

187 2018 95 52 3

508 2077 1804 92 test anmentaire auec lea bous cochous, le plictor qu'il lui sesa possible.

328 2082 83 85 3

527 2141 107 69 3

1248 2146 104 61 17m

1508 2154 24 46 4

1812 2155 375 55 317 1 27

609 2170 1862 98 voulant, le testale la donner au atoijen hepolite autoine carchaud, d on versn

195 2218 180 81 dut

507 2250 1938 101 une preuve de son astachiment, il lui donna et laque sua cabrits, que le dit

524 2322 446 78 edoyer Matchaud

1030 2355 1430 104 endaa dans son troupeait, et a son éhos aensi que son

331 2355 164 75 dto

175 2380 48 44 11

1268 2398 116 52 paqu

516 2404 430 72 ehrau nonmme B0
