3208 2479
2570 22 286 89 Septiaume

301 162 2718 123 perre Auffaay notaire susdit et Soussigne ; a  M. Jean marie Aubin et

282 278 2837 97 Antoise doincet citoyens de catte ville y demeurants se paresent en cette ville

294 402 2812 78 petroisie s^t touis temonis pour ce appelles, et en leur présince lu mot e

292 506 2815 95 mot du Sieur testateir qui a dit avoir bien entendu; que le present contient

3017 454 46 39 2

286 623 2810 84 son testament et ondonnances de derniere volontes quil vent être execute

283 731 2849 87 apars son decet et y a persiste revogeeents tout testament et dispositions

278 830 2750 95 testamantaires quil peut dvoir frits dvant le present auquel seul il sarrate

433 929 2697 108 fait et regu en une seute miniitte sur la requitition du testateur au port

1107 900 44 69 4

297 1010 2766 135 loie dsle de france en letude du dit notaire due du gouverinement lan

287 1127 2874 144 mil sept cent quatrevingt treire le neuf fevrier aeut heures du matin et à le

285 1233 2887 135 dit sieur testateur signi avec les sicurs témons et la dit notaire sur laminutte

269 1335 2849 117 des presenter Signe thibaatt aubin doincet, et auffray la ditte minutte et

294 1418 2879 136 cerstiollée au pont touis Isle de france le sare fevrier mil sept cent quatreving

1977 1430 21 42 2

309 1532 2848 122 taccie par fancis qui a endique avoir recu decia, livret ett demeure a Me

314 1615 1655 118 duffaay notaire voussigne signe a uffray.

760 1696 2399 175 Enrigntie par moi Exemie heancellie husson Guffice du tibrinal icns de lhe

768 1808 2394 172 de france Joussigné sui une expeditton dudit testament a moi presentée aut efer

769 1890 2396 196 auboit du ord ocit Jle de france l vingt fix Gemina an sexume de la Regee

830 1995 397 94 de unes Imdde

1314 2003 286 100 Busson

85 2334 365 91 ccsiltat de

865 2254 2249 90 Dun contrat de marrage recu par Durrand qui en a minutte et soin

884 2330 2111 111 cconfrese notaires et cettaldole de france bous la datte du seure
