<?xml version="1.0" encoding="UTF-8"?>
<alto xmlns:xsi="http://www.w3.org/2001/XMLSchema-instance"
      xmlns="http://www.loc.gov/standards/alto/ns-v4#"
      xsi:schemaLocation="http://www.loc.gov/standards/alto/ns-v4# http://www.loc.gov/standards/alto/v4/alto-4-2.xsd">
  <Description>
    <MeasurementUnit>pixel</MeasurementUnit>
    <sourceImageInformation>
      <fileName>JK14_1.pdf_page_55.png</fileName>
      <fileIdentifier>pdf//JK14_1.pdf</fileIdentifier>
    </sourceImageInformation>
  </Description>
  <Tags>
    <OtherTag ID="BT7" LABEL="CustomZone" DESCRIPTION="block type CustomZone"/><OtherTag ID="BT8" LABEL="DamageZone" DESCRIPTION="block type DamageZone"/><OtherTag ID="BT9" LABEL="DigitizationArtefactZone" DESCRIPTION="block type DigitizationArtefactZone"/><OtherTag ID="BT10" LABEL="DropCapitalZone" DESCRIPTION="block type DropCapitalZone"/><OtherTag ID="BT11" LABEL="GraphicZone" DESCRIPTION="block type GraphicZone"/><OtherTag ID="BT12" LABEL="MainZone" DESCRIPTION="block type MainZone"/><OtherTag ID="BT13" LABEL="MarginTextZone" DESCRIPTION="block type MarginTextZone"/><OtherTag ID="BT14" LABEL="MusicZone" DESCRIPTION="block type MusicZone"/><OtherTag ID="BT15" LABEL="NumberingZone" DESCRIPTION="block type NumberingZone"/><OtherTag ID="BT17" LABEL="QuireMarksZone" DESCRIPTION="block type QuireMarksZone"/><OtherTag ID="BT18" LABEL="RunningTitleZone" DESCRIPTION="block type RunningTitleZone"/><OtherTag ID="BT19" LABEL="SealZone" DESCRIPTION="block type SealZone"/><OtherTag ID="BT20" LABEL="StampZone" DESCRIPTION="block type StampZone"/><OtherTag ID="BT21" LABEL="TableZone" DESCRIPTION="block type TableZone"/><OtherTag ID="BT22" LABEL="TitlePageZone" DESCRIPTION="block type TitlePageZone"/><OtherTag ID="BT497" LABEL="text" DESCRIPTION="block type text"/>
    <OtherTag ID="LT7" LABEL="CustomLine" DESCRIPTION="line type CustomLine"/><OtherTag ID="LT8" LABEL="DefaultLine" DESCRIPTION="line type DefaultLine"/><OtherTag ID="LT9" LABEL="DropCapitalLine" DESCRIPTION="line type DropCapitalLine"/><OtherTag ID="LT10" LABEL="HeadingLine" DESCRIPTION="line type HeadingLine"/><OtherTag ID="LT11" LABEL="InterlinearLine" DESCRIPTION="line type InterlinearLine"/><OtherTag ID="LT12" LABEL="MusicLine" DESCRIPTION="line type MusicLine"/><OtherTag ID="LT327" LABEL="default" DESCRIPTION="line type default"/>
  </Tags>
  <Layout>
    <Page WIDTH="3317"
          HEIGHT="2479"
          PHYSICAL_IMG_NR="54"
          ID="eSc_dummypage_">
      <PrintSpace HPOS="0"
                  VPOS="0"
                  WIDTH="3317"
                  HEIGHT="2479">
        <TextBlock HPOS="358"
                   VPOS="209"
                   WIDTH="2930"
                   HEIGHT="2268"
                   ID="eSc_textblock_63d8e629"
                   TAGREFS="BT497">
          <Shape><Polygon POINTS="1502 209 1822 214 1950 275 2836 269 3161 308 3166 428 3238 451 3271 484 3255 510 3288 517 3277 604 3194 676 3140 687 3139 747 3122 754 3161 771 3124 798 3161 798 3168 820 3205 809 3227 858 3260 875 3255 1105 3282 1140 3271 1375 3232 1432 3249 1475 3221 1559 3221 1607 3271 1674 3271 1711 3249 1735 3249 1888 3205 1922 3221 2240 3188 2477 716 2477 749 2440 710 2422 683 2334 694 2181 672 2137 604 2103 424 2097 369 2047 413 1966 468 1954 490 1878 539 1850 578 1878 661 1867 628 1860 655 1834 626 1789 578 1794 588 1811 534 1833 500 1800 413 1783 369 1728 358 1608 402 1570 450 1564 451 1520 544 1503 600 1542 637 1542 683 1491 648 1425 544 1458 506 1441 495 1322 440 1287 396 1232 418 1211 391 1200 428 1195 446 1162 494 1156 501 1134 632 1162 694 1133 721 1046 854 1017 843 953 809 935 809 859 727 835 705 742 721 633 699 539 721 490 694 435 727 297 760 269 925 247 1243 253 1283 214 1392 231 1502 209"/></Shape>
          <TextLine ID="eSc_line_eb1f18d9"
                    TAGREFS="LT327"
                    BASELINE="738 345 1268 344 1465 358 1695 364 3142 355" 
                    HPOS="736"
                    VPOS="289"
                    WIDTH="2406"
                    HEIGHT="126">
            <Shape><Polygon POINTS="3064 296 3051 294 3037 293 3034 291 2968 304 2951 307 2942 304 2892 289 2891 289 2710 289 2709 289 2708 289 2662 304 2617 319 2418 319 2355 302 2347 301 2345 301 2330 302 2188 318 2097 309 2096 309 2041 322 1933 322 1849 301 1814 293 1812 293 1775 301 1680 323 1484 323 1422 302 1421 302 1420 302 1319 309 1209 302 1208 302 1159 314 1096 298 1092 298 1090 298 1089 298 1088 298 1035 315 983 298 978 297 976 297 975 297 736 297 738 345 738 415 972 414 973 414 983 411 1136 364 1344 370 1345 370 1416 363 1475 381 1476 381 1478 381 1545 366 1723 396 1764 403 1765 403 1808 395 1862 384 1906 392 1913 393 1914 393 1924 392 2034 373 2085 380 2086 380 2154 371 2197 375 2198 375 2199 375 2237 366 2301 385 2304 385 2305 385 2307 385 2321 384 2425 374 2491 381 2522 384 2523 384 2602 378 2673 374 2710 377 2850 388 2851 388 2920 375 2971 382 2972 382 3140 367 3142 355 3137 305 3103 307 3095 304 3075 297 3064 296"/></Shape>
	    <String CONTENT="aderni avec se citrsen michaux derteur de"
                    HPOS="736"
                    VPOS="289"
                    WIDTH="2406"
                    HEIGHT="126"
                    WC="0.9903626645483622"></String>
          </TextLine>
          <TextLine ID="eSc_line_e6158f42"
                    TAGREFS="LT327"
                    BASELINE="743 491 975 488" 
                    HPOS="741"
                    VPOS="396"
                    WIDTH="234"
                    HEIGHT="110">
            <Shape><Polygon POINTS="743 491 743 497 805 506 807 506 808 506 827 498 855 506 856 506 858 506 859 506 882 495 884 495 885 495 916 505 917 505 918 505 973 494 975 488 971 447 910 447 889 433 837 396 836 396 834 396 833 396 741 409 743 491"/></Shape>
	    <String CONTENT="leur"
                    HPOS="741"
                    VPOS="396"
                    WIDTH="234"
                    HEIGHT="110"
                    WC="0.9997885227203369"></String>
          </TextLine>
          <TextLine ID="eSc_line_8cc5a6ab"
                    TAGREFS="LT327"
                    BASELINE="1074 493 1410 495 1560 505 1825 510 2034 510 2099 499 2187 498 2888 508 3232 519" 
                    HPOS="1073"
                    VPOS="413"
                    WIDTH="2159"
                    HEIGHT="133">
            <Shape><Polygon POINTS="1073 513 1144 520 1146 520 1147 520 1169 515 1181 512 1343 513 1344 513 1380 506 1461 517 1487 520 1489 520 1490 520 1500 517 1527 509 1548 517 1553 520 1555 520 1556 521 1630 521 1676 538 1677 538 2130 545 2132 545 2133 545 2159 538 2191 546 2192 546 2194 546 2290 524 2332 515 2574 517 2604 527 2642 537 2643 537 2644 537 2704 527 2742 521 2947 530 3104 535 3106 535 3107 535 3125 531 3137 528 3153 531 3187 538 3188 538 3231 531 3232 519 3232 466 3173 447 3172 447 3170 447 3169 447 3104 464 3084 469 2880 468 2816 457 2779 451 2778 451 2759 455 2742 458 2716 454 2697 451 2695 451 2694 451 2687 454 2666 459 2619 451 2522 435 2446 435 2445 435 2443 435 2406 446 2400 447 2385 446 2308 436 2307 436 2305 436 2286 443 2260 454 2195 455 2096 455 2062 443 2060 443 2059 443 2000 453 1942 442 1940 442 1743 448 1702 432 1701 432 1699 432 1698 432 1640 447 1584 432 1582 432 1581 432 1471 435 1438 421 1429 418 1428 418 1427 418 1405 421 1345 428 1290 418 1276 415 1075 413 1074 493 1073 513"/></Shape>
	    <String CONTENT="Daite d&#x27;entre prise au f fins de reserves la"
                    HPOS="1073"
                    VPOS="413"
                    WIDTH="2159"
                    HEIGHT="133"
                    WC="0.9871717583049427"></String>
          </TextLine>
          <TextLine ID="eSc_line_ee4b0280"
                    TAGREFS="LT327"
                    BASELINE="734 652 1066 652 1537 637 1869 644 3045 640" 
                    HPOS="732"
                    VPOS="567"
                    WIDTH="2313"
                    HEIGHT="102">
            <Shape><Polygon POINTS="734 652 734 663 1227 669 1228 669 1315 659 1323 659 1329 659 1374 667 1376 667 1377 667 1403 659 1417 654 1775 652 1826 655 1951 665 1953 665 2037 654 2064 651 2137 651 2151 654 2202 663 2203 663 2276 652 2296 650 2330 652 2468 662 2469 662 2586 650 2592 650 2595 650 2650 661 2651 661 2738 654 2800 661 2801 661 3044 645 3045 640 3041 582 3008 585 2993 581 2943 567 2942 567 2940 567 2866 574 2844 567 2843 567 2841 567 2783 581 2730 593 2581 589 2533 579 2504 575 2502 575 2501 575 2486 579 2421 600 2268 600 2198 583 2197 583 2195 583 2140 601 1887 601 1840 593 1838 593 1760 603 1650 577 1636 574 1635 574 1633 574 1625 577 1588 588 1549 577 1537 572 1535 572 1486 571 1484 571 1454 575 1358 592 1307 575 1294 571 1293 571 1292 571 1290 571 1276 575 1257 581 1232 575 1220 572 1219 572 1159 575 1133 577 1132 577 1103 586 1060 574 1044 570 1042 570 1041 570 732 572 734 652"/></Shape>
	    <String CONTENT="toisi de la ditte maconnie Pour reeflir en smite"
                    HPOS="732"
                    VPOS="567"
                    WIDTH="2313"
                    HEIGHT="102"
                    WC="0.9665666514386734"></String>
          </TextLine>
          <TextLine ID="eSc_line_d48e1bac"
                    TAGREFS="LT327"
                    BASELINE="735 800 1443 809" 
                    HPOS="734"
                    VPOS="725"
                    WIDTH="709"
                    HEIGHT="109">
            <Shape><Polygon POINTS="735 800 734 819 852 827 854 827 885 823 932 816 953 824 961 827 962 827 964 827 978 824 1024 815 1070 816 1093 827 1100 830 1101 830 1103 830 1104 830 1111 827 1136 818 1158 826 1159 826 1161 826 1199 818 1212 830 1213 830 1213 831 1214 831 1216 831 1217 833 1250 833 1250 831 1252 831 1253 831 1272 819 1340 819 1440 834 1443 809 1443 769 1427 769 1427 768 1398 743 1398 742 1396 742 1395 742 1394 742 1365 745 1345 732 1344 732 1343 732 1341 732 1340 732 1338 732 1314 751 1270 751 1268 751 1267 751 1265 751 1265 753 1252 765 1250 767 1063 764 1060 761 1015 728 1013 728 1012 728 876 727 874 727 873 727 871 727 858 739 832 725 830 725 829 725 827 725 735 754 735 800"/></Shape>
	    <String CONTENT="definitivement."
                    HPOS="734"
                    VPOS="725"
                    WIDTH="709"
                    HEIGHT="109"
                    WC="0.9681169152259826"></String>
          </TextLine>
          <TextLine ID="eSc_line_b76f83dd"
                    TAGREFS="LT327"
                    BASELINE="1019 981 1318 983 1884 965 2418 965 2942 943 3250 946" 
                    HPOS="1017"
                    VPOS="873"
                    WIDTH="2233"
                    HEIGHT="139">
            <Shape><Polygon POINTS="1019 981 1022 1012 1092 992 1169 992 1239 1006 1252 1009 1253 1009 1270 1006 1340 991 1529 999 1534 999 1535 999 1538 999 1622 983 1880 979 1964 983 1980 988 2019 999 2020 999 2022 999 2023 999 2052 991 2235 998 2237 998 2238 998 2297 981 2315 976 2334 980 2351 983 2352 983 2354 983 2369 979 2387 975 2417 977 2520 990 2522 990 2884 986 2972 964 3000 958 3038 962 3139 975 3140 975 3249 957 3250 946 3248 903 3186 903 3078 873 3077 873 3075 873 3074 873 2950 907 2891 895 2889 895 2818 911 2812 913 2650 914 2647 914 2600 903 2599 903 2597 903 2566 915 2566 917 2490 917 2392 918 2344 907 2343 907 2341 907 2299 921 2297 922 2235 922 2231 922 1986 891 1984 891 1522 899 1520 899 1482 910 1307 903 1305 903 1304 903 1217 928 1194 922 1192 922 1191 922 1190 922 1147 940 1017 946 1019 981"/></Shape>
	    <String CONTENT="Lecare le Dit Bréton, qui Pavoit la jour is ame"
                    HPOS="1017"
                    VPOS="873"
                    WIDTH="2233"
                    HEIGHT="139"
                    WC="0.9777532866660584"></String>
          </TextLine>
          <TextLine ID="eSc_line_0316cb07"
                    TAGREFS="LT327"
                    BASELINE="736 1130 1870 1118 2136 1122 2362 1115 3219 1116" 
                    HPOS="735"
                    VPOS="1061"
                    WIDTH="2484"
                    HEIGHT="90">
            <Shape><Polygon POINTS="736 1130 736 1151 827 1140 966 1140 994 1148 995 1148 997 1148 1179 1138 1287 1148 1294 1148 1296 1149 1619 1149 1619 1148 1644 1145 1742 1136 1774 1144 1775 1144 1776 1144 1836 1137 1938 1144 1962 1145 1964 1145 1984 1144 2100 1133 2195 1141 2197 1141 2279 1133 2447 1141 2489 1143 2490 1143 2491 1143 2500 1141 2527 1134 2676 1140 2697 1140 2698 1140 2702 1140 2752 1129 2841 1129 2880 1138 2887 1140 2888 1140 2889 1140 2899 1138 2951 1127 3012 1137 3020 1138 3022 1138 3038 1137 3121 1130 3215 1136 3219 1116 3216 1061 3114 1081 3056 1070 2858 1063 2792 1061 2790 1061 2779 1063 2687 1086 2610 1086 2574 1075 2573 1075 2571 1075 2526 1085 2414 1085 2336 1070 2334 1070 2252 1089 2133 1089 2075 1075 2074 1075 2073 1075 2049 1083 1997 1074 1995 1074 1782 1082 1703 1074 1702 1074 1585 1093 1409 1093 1318 1081 1316 1081 1263 1093 1181 1085 1180 1085 1179 1085 1143 1094 1016 1093 935 1074 933 1074 932 1074 735 1074 736 1130"/></Shape>
	    <String CONTENT="Dun noir mazambique nommé Commicamme, Du quel."
                    HPOS="735"
                    VPOS="1061"
                    WIDTH="2484"
                    HEIGHT="90"
                    WC="0.9690764416819033"></String>
          </TextLine>
          <TextLine ID="eSc_line_c80f5b1a"
                    TAGREFS="LT327"
                    BASELINE="697 1280 1292 1280 1636 1271 2221 1284 2997 1271" 
                    HPOS="695"
                    VPOS="1207"
                    WIDTH="2302"
                    HEIGHT="104">
            <Shape><Polygon POINTS="697 1280 697 1294 787 1294 884 1311 885 1311 1108 1293 1125 1293 1137 1293 1271 1308 1272 1309 1595 1309 1595 1308 1662 1293 1681 1290 1899 1290 1933 1293 2015 1302 2016 1302 2141 1294 2195 1305 2197 1305 2265 1293 2281 1291 2296 1293 2329 1298 2330 1298 2482 1295 2524 1304 2526 1305 2640 1305 2640 1304 2717 1293 2775 1286 2819 1286 2845 1293 2876 1302 2877 1302 2878 1302 2997 1293 2997 1271 2994 1233 2903 1231 2799 1207 2797 1207 2683 1231 2664 1233 2473 1233 2458 1228 2406 1213 2405 1213 2403 1213 2308 1227 2253 1236 2059 1236 1956 1224 1910 1220 1909 1220 1907 1220 1892 1224 1876 1228 1856 1224 1843 1220 1841 1220 1840 1220 1814 1222 1719 1236 1619 1221 1614 1221 1613 1221 1608 1221 1577 1227 1556 1221 1520 1210 1519 1210 1354 1210 1352 1210 1351 1210 1325 1218 1264 1240 1186 1240 1078 1217 1051 1211 1049 1211 976 1213 961 1216 909 1228 871 1216 865 1213 863 1213 862 1213 695 1213 697 1280"/></Shape>
	    <String CONTENT="le Citoiyen arquette cotterif est le propriétaire"
                    HPOS="695"
                    VPOS="1207"
                    WIDTH="2302"
                    HEIGHT="104"
                    WC="0.9662504926019785"></String>
          </TextLine>
          <TextLine ID="eSc_line_630d9464"
                    TAGREFS="LT327"
                    BASELINE="1771 1173 1878 1174" 
                    HPOS="1770"
                    VPOS="1123"
                    WIDTH="108"
                    HEIGHT="65">
            <Shape><Polygon POINTS="1771 1173 1770 1188 1877 1188 1878 1174 1877 1133 1816 1123 1815 1123 1814 1123 1812 1123 1792 1137 1787 1138 1771 1138 1771 1173"/></Shape>
	    <String CONTENT="12"
                    HPOS="1770"
                    VPOS="1123"
                    WIDTH="108"
                    HEIGHT="65"
                    WC="0.9998456239700317"></String>
          </TextLine>
          <TextLine ID="eSc_line_6351b9a8"
                    TAGREFS="LT327"
                    BASELINE="3026 1261 3199 1254" 
                    HPOS="3023"
                    VPOS="1199"
                    WIDTH="176"
                    HEIGHT="83">
            <Shape><Polygon POINTS="3026 1261 3026 1282 3100 1271 3126 1275 3161 1279 3162 1279 3164 1279 3165 1279 3165 1278 3173 1269 3175 1268 3199 1268 3199 1254 3195 1224 3177 1224 3175 1222 3165 1214 3164 1214 3162 1214 3161 1214 3159 1214 3158 1214 3158 1216 3150 1222 3146 1227 3125 1227 3118 1222 3093 1199 3092 1199 3091 1199 3089 1199 3048 1202 3047 1202 3045 1202 3023 1216 3026 1261"/></Shape>
	    <String CONTENT="Vour"
                    HPOS="3023"
                    VPOS="1199"
                    WIDTH="176"
                    HEIGHT="83"
                    WC="0.9998266845941544"></String>
          </TextLine>
          <TextLine ID="eSc_line_1e1a7f36"
                    TAGREFS="LT327"
                    BASELINE="727 1432 2086 1403" 
                    HPOS="724"
                    VPOS="1346"
                    WIDTH="1362"
                    HEIGHT="105">
            <Shape><Polygon POINTS="727 1432 727 1444 826 1441 834 1444 852 1451 854 1451 855 1451 856 1451 878 1444 891 1440 903 1443 918 1447 920 1447 921 1447 922 1447 931 1443 940 1437 971 1441 987 1444 989 1444 1009 1441 1053 1435 1074 1440 1088 1444 1089 1444 1090 1444 1092 1444 1108 1440 1132 1433 1154 1439 1175 1444 1176 1444 1177 1444 1210 1437 1223 1436 1275 1437 1321 1437 1322 1437 1323 1437 1325 1437 1326 1436 1338 1429 1377 1435 1403 1439 1405 1439 1406 1439 1422 1435 1450 1426 1465 1433 1473 1437 1475 1437 1476 1437 1478 1437 1487 1433 1504 1425 1570 1432 1603 1435 1604 1435 1760 1432 1781 1428 1830 1417 1931 1417 1962 1425 1964 1425 1965 1425 1967 1425 1968 1425 1969 1425 1990 1415 2024 1422 2026 1422 2027 1422 2051 1414 2082 1422 2086 1403 2084 1370 2016 1370 2016 1368 1984 1359 1983 1359 1982 1359 1980 1359 1962 1368 1928 1368 1899 1368 1898 1368 1872 1357 1870 1357 1869 1357 1867 1357 1852 1364 1826 1351 1825 1351 1823 1351 1822 1351 1760 1368 1756 1368 1742 1367 1699 1364 1698 1364 1679 1367 1650 1373 1639 1367 1596 1346 1595 1346 1566 1346 1564 1346 1495 1349 1494 1349 1446 1367 1424 1374 1392 1366 1376 1363 1374 1363 1373 1363 1365 1366 1333 1381 1297 1370 1296 1370 1294 1370 1293 1370 1261 1388 1046 1390 1020 1379 1019 1379 1017 1379 1016 1379 995 1389 954 1388 931 1373 929 1373 928 1373 927 1373 882 1374 866 1364 862 1362 860 1362 859 1362 858 1362 724 1363 727 1432"/></Shape>
	    <String CONTENT="treute mon à Comptor u"
                    HPOS="724"
                    VPOS="1346"
                    WIDTH="1362"
                    HEIGHT="105"
                    WC="0.9859518679705533"></String>
          </TextLine>
          <TextLine ID="eSc_line_ad8866aa"
                    TAGREFS="LT327"
                    BASELINE="2115 1402 2137 1402" 
                    HPOS="2115"
                    VPOS="1353"
                    WIDTH="22"
                    HEIGHT="62">
            <Shape><Polygon POINTS="2115 1402 2115 1413 2136 1415 2137 1402 2137 1357 2115 1353 2115 1402"/></Shape>
	    <String CONTENT="7"
                    HPOS="2115"
                    VPOS="1353"
                    WIDTH="22"
                    HEIGHT="62"
                    WC="0.9999377727508545"></String>
          </TextLine>
          <TextLine ID="eSc_line_2ac0a6c1"
                    TAGREFS="LT327"
                    BASELINE="2111 1430 2132 1430" 
                    HPOS="2111"
                    VPOS="1403"
                    WIDTH="21"
                    HEIGHT="44">
            <Shape><Polygon POINTS="2111 1430 2111 1444 2130 1447 2132 1430 2130 1403 2111 1403 2111 1430"/></Shape>
	    <String CONTENT="31"
                    HPOS="2111"
                    VPOS="1403"
                    WIDTH="21"
                    HEIGHT="44"
                    WC="0.9999426007270813"></String>
          </TextLine>
          <TextLine ID="eSc_line_6cd850da"
                    TAGREFS="LT327"
                    BASELINE="2154 1397 2628 1396 3183 1413" 
                    HPOS="2153"
                    VPOS="1334"
                    WIDTH="1030"
                    HEIGHT="103">
            <Shape><Polygon POINTS="2154 1397 2153 1403 2237 1422 2238 1422 2310 1418 2311 1418 2329 1410 2333 1407 2345 1410 2409 1425 2410 1426 2480 1426 2480 1425 2482 1425 2505 1415 2508 1414 2519 1415 2553 1421 2555 1421 2556 1421 2566 1417 2580 1410 2589 1418 2593 1421 2595 1421 2596 1421 2597 1421 2599 1421 2604 1418 2619 1411 2675 1421 2681 1421 2683 1421 2684 1421 2686 1421 2701 1413 2741 1413 2761 1424 2768 1426 2770 1426 2771 1426 2793 1424 2812 1422 2819 1425 2830 1430 2832 1430 2833 1430 2834 1430 2848 1426 2881 1415 2900 1424 2902 1424 2903 1424 2905 1424 2906 1424 2918 1415 2993 1415 3013 1426 3015 1426 3070 1432 3071 1432 3073 1432 3089 1425 3099 1435 3100 1435 3100 1436 3102 1436 3103 1436 3104 1437 3182 1437 3183 1413 3183 1381 3107 1366 3106 1366 3104 1366 3074 1375 3069 1377 2943 1377 2929 1368 2887 1345 2885 1345 2814 1345 2812 1345 2811 1345 2810 1345 2782 1362 2774 1367 2743 1360 2712 1353 2710 1353 2709 1353 2708 1353 2702 1359 2694 1364 2643 1357 2642 1357 2640 1357 2639 1357 2625 1367 2603 1359 2602 1359 2600 1359 2496 1368 2462 1355 2461 1355 2460 1355 2423 1360 2394 1344 2380 1337 2378 1337 2296 1337 2294 1337 2293 1337 2292 1337 2289 1340 2265 1357 2230 1337 2224 1334 2223 1334 2154 1334 2154 1397"/></Shape>
	    <String CONTENT="traite qui en a été fait"
                    HPOS="2153"
                    VPOS="1334"
                    WIDTH="1030"
                    HEIGHT="103"
                    WC="0.9715991293390592"></String>
          </TextLine>
          <TextLine ID="eSc_line_7b657133"
                    TAGREFS="LT327"
                    BASELINE="732 1556 1460 1561 1960 1547 2593 1547 3154 1531" 
                    HPOS="731"
                    VPOS="1481"
                    WIDTH="2423"
                    HEIGHT="105">
            <Shape><Polygon POINTS="732 1556 732 1586 793 1571 961 1571 1026 1581 1027 1581 1146 1570 1323 1578 1407 1582 1409 1582 1534 1581 1567 1575 1597 1570 1637 1574 1665 1576 1666 1576 1688 1574 1720 1568 1793 1571 1917 1578 1918 1578 2027 1576 2067 1568 2096 1561 2173 1567 2248 1571 2249 1571 2299 1564 2334 1560 2381 1563 2414 1565 2416 1565 2439 1563 2468 1559 2535 1561 2761 1571 2763 1571 2861 1570 2949 1556 2957 1554 2967 1554 3081 1567 3082 1567 3154 1552 3154 1531 3150 1481 2815 1484 2715 1502 2618 1486 2615 1486 2614 1486 2613 1486 2549 1509 2425 1510 2316 1495 2315 1495 2271 1505 2215 1497 2213 1497 2062 1508 1953 1494 1821 1492 1779 1492 1778 1492 1776 1492 1775 1492 1709 1517 1505 1517 1453 1509 1451 1509 1407 1520 1323 1520 1194 1506 1192 1506 1191 1506 1148 1521 1024 1521 978 1509 976 1509 731 1502 732 1556"/></Shape>
	    <String CONTENT="entre lui et ce dernier Suivant acte au Rapoport du"
                    HPOS="731"
                    VPOS="1481"
                    WIDTH="2423"
                    HEIGHT="105"
                    WC="0.9944464587697796"></String>
          </TextLine>
          <TextLine ID="eSc_line_dff877a6"
                    TAGREFS="LT327"
                    BASELINE="703 1703 1343 1702 2230 1718 2493 1717 2808 1705 3108 1709" 
                    HPOS="702"
                    VPOS="1647"
                    WIDTH="2406"
                    HEIGHT="93">
            <Shape><Polygon POINTS="703 1703 702 1724 1053 1713 1084 1722 1085 1722 1086 1722 1165 1718 1201 1727 1243 1738 1245 1738 1727 1740 1728 1740 1730 1740 1768 1728 1776 1727 1790 1728 1851 1738 1852 1738 1902 1728 1907 1728 1911 1729 1954 1740 1956 1740 1957 1740 2187 1729 2199 1729 2206 1729 2300 1739 2301 1739 2392 1731 2432 1739 2434 1739 2647 1733 2672 1731 2710 1725 3106 1731 3108 1709 3108 1663 2825 1660 2823 1660 2822 1660 2815 1662 2752 1678 2701 1663 2699 1663 2698 1663 2611 1681 2553 1666 2552 1666 2551 1666 2399 1680 2322 1660 2303 1656 2301 1656 2228 1660 2158 1665 2144 1660 2140 1659 2139 1659 2137 1659 2130 1660 2089 1670 2026 1666 2024 1666 2023 1666 1989 1677 1954 1670 1953 1670 1646 1674 1593 1663 1592 1663 1479 1673 1428 1671 1391 1659 1362 1649 1360 1649 1248 1649 1246 1649 1245 1649 1210 1658 1179 1666 1148 1660 1147 1660 1146 1660 1110 1670 1015 1670 966 1658 920 1647 838 1647 837 1647 836 1647 794 1658 770 1663 703 1658 703 1703"/></Shape>
	    <String CONTENT="Notaire Jois ssigue qui ein a retenir minuttet presente"
                    HPOS="702"
                    VPOS="1647"
                    WIDTH="2406"
                    HEIGHT="93"
                    WC="0.9847456140951677"></String>
          </TextLine>
          <TextLine ID="eSc_line_1a93550c"
                    TAGREFS="LT327"
                    BASELINE="2836 1625 2880 1627" 
                    HPOS="2834"
                    VPOS="1560"
                    WIDTH="46"
                    HEIGHT="89">
            <Shape><Polygon POINTS="2836 1625 2834 1641 2856 1649 2858 1649 2859 1649 2861 1649 2878 1643 2880 1627 2880 1560 2839 1561 2836 1625"/></Shape>
	    <String CONTENT="5"
                    HPOS="2834"
                    VPOS="1560"
                    WIDTH="46"
                    HEIGHT="89"
                    WC="0.9951072931289673"></String>
          </TextLine>
          <TextLine ID="eSc_line_c2ad1544"
                    TAGREFS="LT327"
                    BASELINE="702 1849 1321 1846 2124 1867 2490 1870 3128 1845" 
                    HPOS="701"
                    VPOS="1780"
                    WIDTH="2427"
                    HEIGHT="115">
            <Shape><Polygon POINTS="702 1849 701 1870 781 1864 1345 1864 1392 1874 1418 1878 1420 1878 1421 1878 1439 1874 1476 1864 1600 1874 1844 1893 1845 1893 2034 1882 2203 1893 2205 1895 2650 1895 2650 1893 2724 1877 2743 1873 2796 1877 2834 1879 2836 1879 2837 1879 2845 1877 2884 1864 2931 1877 2942 1879 2943 1879 2945 1879 2960 1877 3013 1867 3125 1877 3128 1845 3126 1782 3038 1780 3037 1780 3030 1782 2976 1793 2900 1784 2899 1784 2898 1784 2770 1822 2719 1822 2655 1802 2654 1802 2653 1802 2610 1809 2537 1793 2535 1793 2479 1797 2478 1797 2406 1822 1781 1822 1749 1811 1748 1811 1746 1811 1706 1816 1655 1809 1588 1786 1586 1786 1526 1780 1524 1780 1439 1786 1392 1789 1381 1786 1360 1780 1359 1780 1190 1780 1188 1780 1148 1787 965 1817 914 1813 834 1787 811 1780 809 1780 808 1780 702 1787 702 1849"/></Shape>
	    <String CONTENT="temoin, sons sa datte, quin conséquerice et aus S&#x27;teunes"
                    HPOS="701"
                    VPOS="1780"
                    WIDTH="2427"
                    HEIGHT="115"
                    WC="0.9613221309014729"></String>
          </TextLine>
          <TextLine ID="eSc_line_7633b1d9"
                    TAGREFS="LT327"
                    BASELINE="652 1980 1307 1976 2221 2001 2743 1992 3095 1995" 
                    HPOS="652"
                    VPOS="1911"
                    WIDTH="2443"
                    HEIGHT="112">
            <Shape><Polygon POINTS="652 1980 652 1983 792 2002 793 2002 852 1992 910 2003 911 2003 987 1990 1033 1999 1034 1999 1101 1988 1107 1988 1245 1988 1250 1990 1301 2001 1303 2001 1373 1991 1380 1991 1385 1991 1453 2006 1454 2006 1541 1994 1544 1994 1546 1994 1652 2005 1654 2005 1812 1996 1823 1996 1826 1996 1892 2014 1894 2014 1895 2014 1896 2014 1935 2005 2011 2019 2509 2023 2511 2023 2512 2023 2540 2014 2582 2020 2584 2020 2585 2020 2625 2007 2770 2019 2771 2019 2827 2007 2833 2007 2844 2007 2905 2014 2906 2014 2934 2009 2951 2006 3092 2010 3095 1995 3095 1940 3013 1933 3012 1933 2979 1940 2898 1961 2818 1961 2719 1940 2672 1930 2670 1930 2597 1939 2574 1941 2560 1939 2522 1930 2520 1930 2480 1939 2409 1954 2264 1944 2263 1944 2261 1944 2234 1952 1856 1951 1754 1936 1629 1919 1438 1917 1436 1917 1435 1917 1391 1929 1345 1917 1344 1917 1144 1914 1143 1914 1048 1933 1041 1934 1033 1933 887 1911 885 1911 652 1932 652 1980"/></Shape>
	    <String CONTENT="dicclui, il doit lui rester Envison vingt deia mos de"
                    HPOS="652"
                    VPOS="1911"
                    WIDTH="2443"
                    HEIGHT="112"
                    WC="0.9935772295268077"></String>
          </TextLine>
          <TextLine ID="eSc_line_db45dfde"
                    TAGREFS="LT327"
                    BASELINE="706 2140 847 2131 1537 2127 2603 2144 3117 2138" 
                    HPOS="706"
                    VPOS="2076"
                    WIDTH="2411"
                    HEIGHT="93">
            <Shape><Polygon POINTS="706 2140 706 2158 851 2158 851 2156 852 2156 950 2144 1015 2152 1016 2152 1017 2152 1052 2144 1122 2156 1132 2158 1133 2158 1158 2156 1312 2145 1348 2155 1349 2155 1351 2155 1418 2145 1763 2147 1789 2156 1810 2162 1811 2162 1812 2163 1885 2163 1885 2162 1916 2155 1945 2149 1973 2155 2008 2163 2009 2164 2091 2164 2091 2163 2128 2155 2139 2153 2157 2155 2213 2162 2215 2162 2278 2156 2308 2164 2310 2164 2504 2166 2505 2166 2580 2156 2632 2167 2938 2169 2939 2169 3115 2153 3117 2138 3115 2105 2975 2105 2972 2104 2928 2089 2927 2089 2925 2089 2812 2103 2805 2104 2690 2104 2683 2101 2659 2096 2658 2096 2657 2096 2606 2100 2545 2086 2428 2086 2427 2086 2344 2098 2334 2101 2239 2101 2227 2098 2147 2083 2146 2083 2075 2097 2064 2100 1973 2100 1965 2096 1939 2087 1938 2087 1936 2087 1878 2096 1865 2097 1849 2096 1764 2082 1659 2080 1658 2080 1577 2093 1559 2096 1548 2093 1529 2087 1527 2087 1526 2087 1395 2092 1351 2093 1326 2092 1177 2078 1176 2078 1059 2083 1057 2083 1040 2089 1027 2094 955 2094 942 2089 909 2076 907 2076 906 2076 826 2087 794 2092 706 2087 706 2140"/></Shape>
	    <String CONTENT="Souissance du dit noir, Pourquois, et au Cas de jon de ces"
                    HPOS="706"
                    VPOS="2076"
                    WIDTH="2411"
                    HEIGHT="93"
                    WC="0.9881775132540999"></String>
          </TextLine>
          <TextLine ID="eSc_line_2c9d20b3"
                    TAGREFS="LT327"
                    BASELINE="2968 2046 2978 2046" 
                    HPOS="2968"
                    VPOS="2012"
                    WIDTH="10"
                    HEIGHT="45">
            <Shape><Polygon POINTS="2968 2046 2968 2057 2978 2057 2978 2046 2978 2013 2968 2012 2968 2046"/></Shape>
	    <String CONTENT="1"
                    HPOS="2968"
                    VPOS="2012"
                    WIDTH="10"
                    HEIGHT="45"
                    WC="0.99916672706604"></String>
          </TextLine>
          <TextLine ID="eSc_line_c7a35665"
                    TAGREFS="LT327"
                    BASELINE="721 2276 1282 2262 2224 2271 3092 2229" 
                    HPOS="720"
                    VPOS="2176"
                    WIDTH="2372"
                    HEIGHT="125">
            <Shape><Polygon POINTS="721 2276 723 2295 823 2288 854 2294 895 2301 896 2301 935 2293 975 2282 1322 2276 1360 2284 1409 2294 1410 2294 1478 2282 1524 2273 1567 2280 1582 2282 1584 2282 1606 2279 1639 2275 1651 2279 1673 2286 1675 2286 1676 2286 1717 2277 1752 2286 1753 2286 1754 2286 1756 2286 1786 2276 1812 2282 1814 2282 1815 2282 1838 2275 1849 2272 1860 2275 1916 2286 1917 2286 2224 2280 2268 2272 2449 2276 2450 2276 2537 2266 2686 2271 2687 2271 2750 2257 2786 2250 2878 2254 2927 2257 2928 2257 2947 2253 2987 2246 3089 2250 3092 2229 3088 2176 2878 2180 2877 2180 2876 2180 2745 2220 2089 2229 2046 2218 2045 2218 2044 2218 2042 2218 2005 2232 1958 2232 1872 2213 1728 2206 1622 2202 1621 2202 1591 2209 1502 2231 1389 2229 1345 2214 1343 2214 1341 2214 1340 2214 1333 2214 1270 2225 1212 2217 1163 2211 1162 2211 980 2214 979 2214 950 2224 918 2233 885 2225 854 2217 852 2217 851 2217 760 2218 720 2228 721 2276"/></Shape>
	    <String CONTENT="ddveut et enteat que le dit Michaiia lui Sncade Vour la"
                    HPOS="720"
                    VPOS="2176"
                    WIDTH="2372"
                    HEIGHT="125"
                    WC="0.9805791860277002"></String>
          </TextLine>
          <TextLine ID="eSc_line_45be07b4"
                    TAGREFS="LT327"
                    BASELINE="717 2403 860 2399 1132 2377 2190 2377 2394 2390 3121 2363" 
                    HPOS="716"
                    VPOS="2301"
                    WIDTH="2405"
                    HEIGHT="128">
            <Shape><Polygon POINTS="717 2403 717 2429 924 2404 1034 2408 1035 2408 1343 2399 1391 2407 1392 2407 1440 2396 1563 2396 1641 2415 1644 2415 1646 2417 1690 2417 1690 2415 1697 2414 1797 2393 1911 2411 1924 2412 1925 2412 2045 2411 2046 2411 2056 2408 2110 2394 2213 2404 2215 2404 2265 2393 2334 2404 2352 2407 2354 2407 2398 2404 2446 2400 2501 2401 2562 2404 2563 2404 2564 2404 2574 2401 2586 2397 2764 2397 2958 2399 2960 2399 2989 2394 3042 2386 3118 2392 3121 2363 3118 2319 3034 2301 3033 2301 3031 2301 2969 2319 2964 2321 2653 2324 2632 2320 2585 2312 2584 2312 2518 2321 2484 2326 2458 2321 2400 2312 2399 2312 2398 2312 2370 2321 2351 2330 2259 2331 2216 2331 2190 2323 2148 2312 2147 2312 2146 2312 2082 2323 2053 2328 2007 2324 1878 2310 1877 2310 1644 2313 1592 2326 1537 2339 1450 2330 1449 2330 1447 2330 1428 2335 1388 2327 1345 2319 1344 2319 1241 2328 1169 2334 1147 2328 1122 2321 1121 2321 1119 2321 947 2323 946 2323 924 2330 874 2344 716 2331 717 2403"/></Shape>
	    <String CONTENT="ditte Souissance de la quille, il lui fait transport Vure"
                    HPOS="716"
                    VPOS="2301"
                    WIDTH="2405"
                    HEIGHT="128"
                    WC="0.992334548841443"></String>
          </TextLine>
        </TextBlock>
        <TextBlock HPOS="55"
                   VPOS="1972"
                   WIDTH="48"
                   HEIGHT="81"
                   ID="eSc_textblock_fe940180"
                   TAGREFS="BT497">
          <Shape><Polygon POINTS="68 1972 103 2009 60 2053 55 1988 68 1972"/></Shape>
        </TextBlock>
        <TextBlock HPOS="110"
                   VPOS="1983"
                   WIDTH="147"
                   HEIGHT="64"
                   ID="eSc_textblock_5ebfcedf"
                   TAGREFS="BT497">
          <Shape><Polygon POINTS="180 1983 257 1994 224 2027 241 2042 154 2047 137 2014 141 2042 121 2047 110 1994 180 1983"/></Shape>
        </TextBlock>
        <TextBlock HPOS="325"
                   VPOS="1178"
                   WIDTH="4"
                   HEIGHT="16"
                   ID="eSc_textblock_4130b218"
                   TAGREFS="BT497">
          <Shape><Polygon POINTS="329 1178 329 1194 325 1194 325 1178 329 1178"/></Shape>
        </TextBlock>
        <TextBlock HPOS="336"
                   VPOS="473"
                   WIDTH="9"
                   HEIGHT="10"
                   ID="eSc_textblock_e6bccb5b"
                   TAGREFS="BT497">
          <Shape><Polygon POINTS="338 473 345 479 345 483 336 483 338 473"/></Shape>
        </TextBlock>
        <TextBlock HPOS="666"
                   VPOS="1019"
                   WIDTH="26"
                   HEIGHT="26"
                   ID="eSc_textblock_2f5f4ce0"
                   TAGREFS="BT497">
          <Shape><Polygon POINTS="670 1019 692 1024 681 1045 666 1039 670 1019"/></Shape>
        </TextBlock>
      </PrintSpace>
    </Page>
  </Layout>
</alto>
