2833 2479
410 141 2158 93 la quelle étant au lit ma lade de Corpt, et douissantd u

391 228 2293 98 Ci peudant de tantes sis facmltes morales, désisant mettrd ordre à

388 319 2345 90 lai à Jaires avant que la mort ne puisse la surprenedite; après

374 389 2372 97 avoir en bouse chretienne, re commaidé son ame à Dien, ainsé qu'a

389 473 2348 106 la Tienheurente vierge Matie, la priant d'interieder pour elle aupris

399 557 2326 121 de notre devin Sauveur, à leffet d'obtenir, la rémisson de toutes

389 632 2332 153 ses fantes, et récevoir la recompense pronsite à tous bous chrétient à

391 732 2327 142 Ve lontairement fait, nommé et dicté au dit notaire, en présince dit

393 826 2281 127 temoisns cy a près nommes son testament et ordonnarsie dde

382 913 2306 147 derniere volonté, de la maniste, et ainté qu'il suit, seavoire

545 1013 2227 142 Mis biens consistent en en terrenn d'habitation de la Consistauce

384 1111 2355 136 de vingt arpeuts, detue au dit canton des ptaissis de Milhins

385 1216 2388 126 sun lequel terrein Se trouve eteve une maison en charpente bordée

396 1305 2260 114 en Plaisches, et Converte en bardeauf servant de mais on

407 1397 2263 116 principale, d'enveron vingt deit pedt de loug, dur euvirom

407 1465 2318 150 quinte péest de large aii autre Batiment en pavillon, bordé

403 1579 2290 124 et convert en planches, annte que troit cases en pallissades, a

374 1663 2332 138 Convertes en paille servant de cavis à noire jet enfin

370 1775 2374 107 la prspriete et douissance de dix Sept tetes d'Sctavi Sattachéer

382 1881 2349 91 à la ditte cuEtate, dont lesnama, cattes, ages Soit ayaprés

371 1977 756 90 designet, Bavoir.

501 2067 2220 95 vednomme mazi, de caste dnelan bigne agés denviroint

364 2159 2361 125 vingt ans la geroffe de mênie caste, agé d'invizoon vingt

363 2266 2310 119 ans; dean huis des même Caste age d'envison vingt aud

364 2357 2340 120 La tulippe de memé caste, agé denveron vingt ain ; a zor¬
