2942 2479
706 220 2029 132 Donolestant, Bomettient, Obligeant D; Rénoncaut

718 358 2160 146 fait et Vassé Double de lon ledit au Vortt Louis

698 526 2109 135 iole de Bance en de la de le liui diy Beize Mmoy

688 673 2212 116 mil dept Cent quatre Vingt Treize, Van deux

698 809 2136 117 de la Ré publique Bancaise a près midit et a pri

688 965 2146 121 bcture faite le ddit Brqnenet a de clare ne savoir

688 1176 557 66 eare m

1291 1116 1624 105 quii De ce euquis vussant, Voedonset

681 1228 2170 150 la miutte dit Présentes Diste en la Pomssmoir de

703 1392 2102 131 Balu l'un desnotaie joussigne dux laquelle

661 1530 2209 143 Miutte eocrit Controlé au Tost Loui e J'ale di

679 1656 2183 170 Pance le dix sept mait mil Sept quatre Vnigt

674 1809 2028 142 Resuz Van deux de la Répibli que francaise

2749 1815 78 66 aur

655 1955 2125 146 dezour qui a marque ege quarant Sole ligié

645 2089 2148 148 Balu. Plus Rasestecret vu attende que la nommée

662 2167 2132 168 Catherine à se lesfait aux formalité Prevauits, dar le

641 2346 617 119 Regleurent du

1302 2298 1555 127 y Rauvier mil sept cent quatre vingt dune

2688 2410 164 67 sur dit

2809 95 25 46 11

2811 137 30 48 11
