3083 2479
504 4 1186 93 fedele inventaire et de fourmus

1760 4 1227 102 cacctiien, la ditt Donaliiern

526 133 2402 123 paura necoinmois licre quantant quaie jour der déces du premicer

534 257 2471 132 mourant il nesisterau ainun enfant né ou anoitie du fralue mariage, teute

524 370 2502 145 lois il est convencu, que fil en esistaie et quils vinsseut a déceder en minorile

531 476 2459 172 avant dits pourou par masiage au davoie péalallnent dis posé, la

540 597 2460 214 present doination repeudit alos sa foue divestie comme sil nétaie posnrl mervend

555 720 1877 173 denfants. Et pour faire intinuer la presente donaleun Md

914 869 2062 180 Eregistré par moi Etienne heaiiuthe lu sion Greffice du loibunal

943 965 2053 195 ivil elela Colonie de le de france soussigné luir une expedition

943 1049 1882 220 dudit estsment Cantral de mavage a moi péseule a cet effil

946 1165 2015 202 Audoit dunord oucit lle de france le vingt iiny themédor au

945 1254 1607 203 Lexieme de la Republique francsise une ltndinicilel

978 1366 369 88 rayer mil

1451 1399 298 99 Busson

2620 1370 347 99 huite mol

117 1530 454 114 cestament.

1639 1497 168 129 79

112 1644 521 113 ie foit Marie

716 1598 2255 191 asdevant l notaite Vublie à lisle des france, et les temoin

646 1703 6 46 1

70 1755 449 115 Digaison

585 1722 734 111 cy apres soussignéd.

770 1800 2190 217 at présente la Citoyenine matie Bigaignon, habitante au

592 1903 138 82 des

754 1910 2151 197 Plaines de Milhons jetant ; ce jour sur Chabitation de

567 2005 2404 235 Jonn Baplitte Bigaigon, habitant au dit Vanton, an liein de

592 2109 709 117 los quatre bornede

2992 2045 12 92 1
