2958 2479
604 168 2268 103 Europe; que dans ce cat, et avenant don de ces, il vent

1667 249 78 53 107

578 272 2315 106 et cntend qu'ils pastent, au pouvoir de sit herilier ditect

569 333 20 76 1

613 351 73 60 dTt

1060 358 182 60 3114

1525 353 44 53 58

343 464 51 51 8

533 375 2378 134 dans lordre dit Suceissions, les instituant en, Consequese

538 510 1346 127 pour Ses legataire ce touchant.

704 650 2164 123 Jua regazi de cent qui lui afapartient en Cette

556 764 2304 139 Dolonie., Conslitant principalemen C. Cruiper lin ge,

538 870 2378 161 et hardes à Son noage Corposel contenie en vVarfie dan

1468 987 272 59 77ᵃI15

286 1046 1195 114 un a sotsn Coffre fermant à

1497 997 1375 135 Clef, en uni lit garme de seu

509 1122 2304 160 paillasses, matelat dtafit Convertes de palna et

265 1273 180 95 3

497 1265 2419 146 moubliquer de mousseline, en Six Edclave nommé Baphe

507 1417 33 46 44

523 1403 2360 122 motat biqnes, matianne matgaché Catherine malgache

257 1525 247 78 de 91

436 1600 31 51 3

498 1509 2404 143 Jean, mavie dosephe et dulie des enfante Eriols, il vent

376 1638 23 58 44

411 1637 32 43 4

476 1636 2453 137 et entent qua Vessant Don deces, la ditte Masianne Soit

505 1739 2418 158 aussitôt affranchie de Touts Servitudes queleonsques attendu

498 1850 2425 163 qu'il à Coir de reconnaitre les bons et fidil servicesquelle le

480 2003 20 53 4

494 1976 2418 144 à coustammentrenduis dans les maladies graves quila eprour

507 2094 2411 143 lui faitant En Consiquesnce Son et legt de sa liberte ainsi que

495 2203 2391 139 de la quantité de Cent cinquante Piartres gourdes effectives

487 2330 2392 122 Déspagne où leur valeur en la monnoye qui anta couzs en cêt

2788 49 19 18 1

2160 28 602 79 treute seaieine
