2427 2446
1110 4 1257 53 en aneqnoit pamar à charge

273 1 300 75 par ena

656 20 851 107 feuir comptt endet du produit

520 107 171 64 vaut

736 123 1640 156 entend le testateur que la nommée soptie à la quella il

271 171 515 93 à assure la liberte

818 224 1579 142 par le present testement demeure aprés la decas de lui

254 262 2107 220 testateur eu possession du poulaillier til quil existera a cette epaque, juig

275 345 174 69 monman

468 370 1927 187 où les legataites cidetont denoinmes se sesont mes, en possession dudit

266 415 391 114 bieu ou quile

665 482 984 121 auront donnna ordit de le vendre et

509 516 11 53 1

258 517 377 95 appartieuent

858 550 238 56 305

1683 543 710 102 que toutet, les velailles lui

682 576 1220 130 en propré du jour du decès du dit testateur

451 608 111 57 2

997 650 34 41 54

2003 627 339 59 5757

456 646 114 66 Veut

1483 668 163 44 32

2034 668 137 50 112 d^t

616 671 28 53 5

672 672 1695 173 antend la testateur quil toit donne a la ditte soptie par des

2151 709 208 47 vent

256 729 2134 219 caceuteurs testaimentaires la quantité d'n millier de ris éréole et de truis

247 812 1417 182 milliers de mahit pour chaque anér que se coderont

244 900 2143 240 du le legataires se seront mis en possessiors du dit bien les quelles quantités

1698 937 695 97 du joir du deces au Jan

244 981 1662 217 lui seront remises a fur et mésure quelle la demanders

398 1097 1952 217 Charge la dit testateur son neveu Josepte falure de payer une Jousena

1944 1136 120 36 143

248 1170 2126 224 de mille livres de france, qu'il prelevers bui son leq ports culenr a lai nommer

252 1262 2120 212 qannaton fille de defant audre etpere an dicu ete de defunt eme Calonmoit

254 1346 1693 178 bes pere et mere vevant habitants audit lieu de révière.

429 1454 1031 123 veit et entend qui don lit garen ainse

2028 1520 63 52 3

1474 1531 861 106 que tout. son Rrage boit donnna

264 1535 1448 130 a la ditte saptoie par les dit en conteurs testamentaires.

422 1636 1950 164 E pour exccuter et accomplir le present son testament la dit testateu

284 1725 1163 99 a choisi les citoyenr autoine Banciltoon et

1462 1774 865 140 Louis Rey negoesantt au port

273 1793 1364 142 rnord ocest de cette dola entre les mains desquels

1672 1887 628 95 le sandesaiton de tout

277 1890 1289 104 ses biens aua termes de la contruine pour en

1685 1978 694 92 posiir conformmagant d

289 1986 1291 95 ses ententions de cfarant Annmiller tous testamants

1318 2049 197 55 Fax ai8t

1618 2041 45 53 30

1698 2045 680 100 codiciles, auteriauis au

290 2072 1333 99 present aequel beul il darrêté, comme contenant ses

1842 2110 56 47 2

1916 2107 74 49 29

1661 2126 717 110 dernieres velontos, quil

1216 2142 297 60 ce Vin Lron

1547 2159 27 54 4

293 2153 571 83 veut et re cnmitaar .

1655 2176 157 51 Maile

1837 2195 153 64 F.ro

2064 2200 85 61 d34

1910 2243 29 67 44

1528 2318 27 70 9
