<?xml version="1.0" encoding="UTF-8"?>
<alto xmlns:xsi="http://www.w3.org/2001/XMLSchema-instance"
      xmlns="http://www.loc.gov/standards/alto/ns-v4#"
      xsi:schemaLocation="http://www.loc.gov/standards/alto/ns-v4# http://www.loc.gov/standards/alto/v4/alto-4-2.xsd">
  <Description>
    <MeasurementUnit>pixel</MeasurementUnit>
    <sourceImageInformation>
      <fileName>JK14_1.pdf_page_57.png</fileName>
      <fileIdentifier>pdf//JK14_1.pdf</fileIdentifier>
    </sourceImageInformation>
  </Description>
  <Tags>
    <OtherTag ID="BT7" LABEL="CustomZone" DESCRIPTION="block type CustomZone"/><OtherTag ID="BT8" LABEL="DamageZone" DESCRIPTION="block type DamageZone"/><OtherTag ID="BT9" LABEL="DigitizationArtefactZone" DESCRIPTION="block type DigitizationArtefactZone"/><OtherTag ID="BT10" LABEL="DropCapitalZone" DESCRIPTION="block type DropCapitalZone"/><OtherTag ID="BT11" LABEL="GraphicZone" DESCRIPTION="block type GraphicZone"/><OtherTag ID="BT12" LABEL="MainZone" DESCRIPTION="block type MainZone"/><OtherTag ID="BT13" LABEL="MarginTextZone" DESCRIPTION="block type MarginTextZone"/><OtherTag ID="BT14" LABEL="MusicZone" DESCRIPTION="block type MusicZone"/><OtherTag ID="BT15" LABEL="NumberingZone" DESCRIPTION="block type NumberingZone"/><OtherTag ID="BT17" LABEL="QuireMarksZone" DESCRIPTION="block type QuireMarksZone"/><OtherTag ID="BT18" LABEL="RunningTitleZone" DESCRIPTION="block type RunningTitleZone"/><OtherTag ID="BT19" LABEL="SealZone" DESCRIPTION="block type SealZone"/><OtherTag ID="BT20" LABEL="StampZone" DESCRIPTION="block type StampZone"/><OtherTag ID="BT21" LABEL="TableZone" DESCRIPTION="block type TableZone"/><OtherTag ID="BT22" LABEL="TitlePageZone" DESCRIPTION="block type TitlePageZone"/><OtherTag ID="BT497" LABEL="text" DESCRIPTION="block type text"/>
    <OtherTag ID="LT7" LABEL="CustomLine" DESCRIPTION="line type CustomLine"/><OtherTag ID="LT8" LABEL="DefaultLine" DESCRIPTION="line type DefaultLine"/><OtherTag ID="LT9" LABEL="DropCapitalLine" DESCRIPTION="line type DropCapitalLine"/><OtherTag ID="LT10" LABEL="HeadingLine" DESCRIPTION="line type HeadingLine"/><OtherTag ID="LT11" LABEL="InterlinearLine" DESCRIPTION="line type InterlinearLine"/><OtherTag ID="LT12" LABEL="MusicLine" DESCRIPTION="line type MusicLine"/><OtherTag ID="LT327" LABEL="default" DESCRIPTION="line type default"/>
  </Tags>
  <Layout>
    <Page WIDTH="2700"
          HEIGHT="2479"
          PHYSICAL_IMG_NR="56"
          ID="eSc_dummypage_">
      <PrintSpace HPOS="0"
                  VPOS="0"
                  WIDTH="2700"
                  HEIGHT="2479">
        <TextBlock HPOS="440"
                   VPOS="154"
                   WIDTH="2258"
                   HEIGHT="2323"
                   ID="eSc_textblock_cd732375"
                   TAGREFS="BT497">
          <Shape><Polygon POINTS="2168 154 2379 154 2485 192 2698 220 2698 290 2479 301 2202 352 2215 396 2281 418 2626 424 2677 457 2698 446 2698 560 2694 528 2682 539 2682 593 2698 600 2682 957 2698 979 2671 991 2660 1068 2682 1172 2698 1156 2698 1331 2672 1331 2660 1360 2660 1419 2677 1443 2698 1426 2698 1590 2682 1592 2671 1647 2688 1680 2698 1669 2698 2031 2665 2032 2665 2108 2698 2115 2698 2279 2677 2268 2665 2286 2676 2400 2507 2433 2483 2466 2374 2450 2235 2467 2368 2477 540 2477 517 2087 501 2069 517 1856 462 1651 484 1618 473 1355 490 1311 462 995 473 611 440 356 506 198 621 170 688 203 1519 187 1581 209 1822 209 1993 198 2168 154"/></Shape>
          <TextLine ID="eSc_line_1665cc7e"
                    TAGREFS="LT327"
                    BASELINE="493 297 859 286 1471 287 2001 276" 
                    HPOS="491"
                    VPOS="205"
                    WIDTH="1510"
                    HEIGHT="121">
            <Shape><Polygon POINTS="1593 209 1580 209 1570 205 1315 216 1243 209 1242 209 1241 209 1195 220 1106 210 1104 210 1103 210 1102 210 1080 224 972 217 971 217 969 217 928 228 880 225 878 225 877 225 830 239 819 242 811 239 765 221 764 221 763 221 692 228 691 228 666 241 655 245 491 242 493 297 493 326 586 319 635 325 636 325 637 325 661 316 699 325 702 325 703 325 706 325 786 307 894 322 900 322 902 322 903 322 905 322 942 304 975 304 1055 304 1129 318 1140 319 1141 319 1155 318 1239 301 1356 308 1358 308 1409 300 1435 312 1440 315 1442 315 1443 315 1445 315 1456 312 1473 308 1500 311 1509 312 1511 312 1518 311 1577 297 1643 304 1644 304 1679 297 1721 307 1723 307 1829 298 1856 305 1870 309 1872 309 1873 309 2001 302 2001 276 1998 231 1938 231 1906 214 1905 214 1903 214 1902 214 1873 231 1807 232 1675 234 1669 232 1595 209 1593 209"/></Shape>
	    <String CONTENT="ses dittés, et de la délivsance dit"
                    HPOS="491"
                    VPOS="205"
                    WIDTH="1510"
                    HEIGHT="121"
                    WC="0.9995617049080985"></String>
          </TextLine>
          <TextLine ID="eSc_line_4de39943"
                    TAGREFS="LT327"
                    BASELINE="2041 278 2412 265 2684 265" 
                    HPOS="2040"
                    VPOS="213"
                    WIDTH="644"
                    HEIGHT="99">
            <Shape><Polygon POINTS="2041 278 2041 312 2223 311 2224 311 2226 311 2226 309 2233 304 2250 285 2461 280 2491 290 2534 304 2536 304 2537 304 2581 297 2582 297 2584 297 2584 296 2596 285 2600 279 2633 278 2639 282 2644 286 2644 287 2646 287 2647 287 2649 287 2684 279 2684 265 2682 238 2654 238 2653 238 2593 213 2592 213 2566 213 2565 213 2563 213 2562 213 2537 235 2485 214 2483 214 2482 214 2373 217 2372 217 2322 245 2321 245 2275 238 2274 238 2272 238 2257 245 2252 239 2252 238 2250 238 2249 238 2248 238 2246 238 2212 247 2199 236 2199 235 2198 235 2197 235 2195 235 2194 235 2193 235 2179 243 2158 235 2157 235 2155 235 2154 235 2153 235 2153 236 2142 246 2129 241 2128 241 2126 241 2125 241 2110 247 2091 234 2089 234 2088 234 2086 234 2085 234 2040 249 2041 278"/></Shape>
	    <String CONTENT="degé Particulies"
                    HPOS="2040"
                    VPOS="213"
                    WIDTH="644"
                    HEIGHT="99"
                    WC="0.9877452030777931"></String>
          </TextLine>
          <TextLine ID="eSc_line_8b8ddbfc"
                    TAGREFS="LT327"
                    BASELINE="487 433 1219 420" 
                    HPOS="486"
                    VPOS="359"
                    WIDTH="733"
                    HEIGHT="98">
            <Shape><Polygon POINTS="487 433 487 443 551 457 552 457 553 457 578 446 617 455 618 455 619 455 621 455 622 455 637 442 639 442 662 442 672 450 672 451 673 451 675 451 676 451 725 446 778 453 779 453 881 450 883 450 884 450 884 448 895 439 895 437 928 436 932 437 953 447 954 447 956 447 957 447 984 437 986 437 1070 447 1071 447 1073 447 1097 439 1137 442 1139 442 1140 442 1141 442 1141 440 1143 440 1147 435 1150 432 1217 433 1219 420 1216 360 1170 359 1169 359 1168 359 1161 362 1148 369 1139 363 1135 362 1133 362 1132 362 1130 362 1129 362 1126 364 1089 392 1067 392 946 386 932 374 931 374 929 374 928 374 925 374 898 381 892 375 887 371 887 370 885 370 884 370 851 364 849 364 848 364 847 364 829 380 827 380 823 380 804 377 803 377 801 377 800 377 794 381 768 398 628 391 626 389 603 370 601 370 600 370 599 370 520 371 519 371 517 371 486 392 487 433"/></Shape>
	    <String CONTENT="Sus meutionne."
                    HPOS="486"
                    VPOS="359"
                    WIDTH="733"
                    HEIGHT="98"
                    WC="0.9976747717176165"></String>
          </TextLine>
          <TextLine ID="eSc_line_49312b30"
                    TAGREFS="LT327"
                    BASELINE="719 528 1370 523 2669 483" 
                    HPOS="716"
                    VPOS="426"
                    WIDTH="1953"
                    HEIGHT="129">
            <Shape><Polygon POINTS="2658 446 2647 437 2609 426 2607 426 2606 426 2604 426 2580 435 2538 426 2537 426 2536 426 2500 436 2475 426 2474 426 2472 426 2471 426 2402 447 2395 448 2390 447 2358 439 2356 439 2355 439 2354 439 2334 448 2333 448 2329 448 2292 442 2290 442 2253 447 2221 436 2220 436 2219 436 2165 448 2117 431 2115 431 2082 431 2081 431 2033 439 2031 439 2002 453 1975 466 1582 466 1581 466 1580 466 1552 476 1485 458 1443 448 1442 448 1440 448 1350 450 1265 461 1180 473 1136 469 1135 469 1133 469 1084 490 1033 490 910 466 888 462 887 462 716 468 719 528 719 544 841 544 870 555 871 555 873 555 980 539 982 539 983 539 1030 552 1031 552 1033 552 1162 537 1289 546 1290 546 1292 546 1329 535 1423 542 1424 542 1511 532 1535 539 1537 539 1538 539 1870 531 1932 517 2009 527 2011 527 2012 527 2044 513 2047 512 2067 512 2179 517 2180 517 2182 517 2199 509 2202 508 2278 508 2286 508 2325 517 2326 517 2328 517 2428 504 2450 501 2493 502 2603 505 2604 505 2669 497 2669 483 2668 451 2658 446"/></Shape>
	    <String CONTENT="Déclare ledit Bréton, revoquis toute testament et"
                    HPOS="716"
                    VPOS="426"
                    WIDTH="1953"
                    HEIGHT="129"
                    WC="0.9894019426131735"></String>
          </TextLine>
          <TextLine ID="eSc_line_846b8a08"
                    TAGREFS="LT327"
                    BASELINE="487 650 993 640 1728 641 2662 605" 
                    HPOS="484"
                    VPOS="535"
                    WIDTH="2178"
                    HEIGHT="153">
            <Shape><Polygon POINTS="487 650 487 666 548 667 606 688 607 688 608 688 786 662 796 659 1103 654 1119 655 1223 670 1224 670 1226 670 1260 661 1310 666 1311 666 1312 666 1355 652 1469 669 1471 669 1772 661 1774 661 1808 652 2137 654 2139 654 2140 654 2199 636 2226 629 2292 634 2355 640 2356 640 2447 637 2449 637 2464 632 2483 625 2533 630 2540 630 2541 630 2551 630 2635 621 2658 628 2662 605 2660 550 2582 535 2581 535 2286 542 2228 556 2221 559 2183 559 2180 557 2147 545 2146 545 2144 545 2143 545 2104 556 2051 548 2049 548 1990 560 1895 579 1837 567 1836 567 1779 574 1743 563 1715 555 1713 555 1712 555 1668 556 1666 556 1640 564 1603 577 1563 568 1562 568 1516 578 1483 567 1471 563 1469 563 1468 563 1443 567 1330 593 1139 596 1096 585 1095 585 1093 585 1092 585 1053 599 826 603 742 590 741 590 647 607 538 582 484 582 487 650"/></Shape>
	    <String CONTENT="disposition anterieurs aue Brésent, Vour Le xécution"
                    HPOS="484"
                    VPOS="535"
                    WIDTH="2178"
                    HEIGHT="153"
                    WC="0.9731280465538685"></String>
          </TextLine>
          <TextLine ID="eSc_line_88969342"
                    TAGREFS="LT327"
                    BASELINE="484 783 1271 771 1542 772 2208 754 2684 760" 
                    HPOS="483"
                    VPOS="688"
                    WIDTH="2201"
                    HEIGHT="120">
            <Shape><Polygon POINTS="484 783 484 808 652 807 730 789 887 786 946 793 947 793 1091 785 1183 796 1184 796 1186 796 1234 782 1281 796 1282 796 1283 796 1327 787 1385 797 1387 797 1392 797 1464 796 1465 796 1494 785 1555 790 1556 790 1625 783 1688 793 1690 793 1735 783 1757 790 1759 790 1760 790 1892 772 1994 772 2041 787 2042 787 2044 787 2124 772 2175 782 2176 782 2177 782 2213 767 2416 765 2496 765 2538 780 2540 780 2541 780 2684 779 2684 760 2682 688 2553 709 2286 712 2235 699 2234 699 2199 698 1987 696 1986 696 1946 703 1938 705 1931 705 1888 698 1887 698 1885 698 1862 706 1843 712 1785 707 1701 701 1699 701 1698 701 1666 710 1644 716 1606 712 1593 710 1592 710 1591 710 1586 712 1563 721 1522 713 1479 705 1478 705 1398 716 1345 723 1307 717 1288 716 1286 716 1285 716 1276 718 1257 727 1180 728 1049 728 1031 724 984 710 983 710 982 710 929 718 739 714 738 714 643 732 640 732 639 732 590 717 589 717 588 717 483 735 484 783"/></Shape>
	    <String CONTENT="des quelles il nomimeet institut le Citoiyen su lis"
                    HPOS="483"
                    VPOS="688"
                    WIDTH="2201"
                    HEIGHT="120"
                    WC="0.9822434549238167"></String>
          </TextLine>
          <TextLine ID="eSc_line_93ae01b1"
                    TAGREFS="LT327"
                    BASELINE="513 925 1208 917 1971 880 2655 871" 
                    HPOS="511"
                    VPOS="794"
                    WIDTH="2144"
                    HEIGHT="159">
            <Shape><Polygon POINTS="513 925 513 953 749 947 750 947 753 947 789 933 895 931 943 940 953 942 954 942 995 939 1121 928 1148 933 1164 936 1165 936 1166 936 1181 932 1237 918 1290 929 1296 929 1297 929 1311 928 1421 914 1450 924 1464 928 1465 928 1467 928 1493 922 1527 914 1574 919 1626 925 1628 925 1681 924 1683 924 1710 914 1742 903 1808 903 1847 910 1891 918 1892 918 1894 918 1927 907 1953 899 2201 899 2418 899 2418 897 2454 889 2465 888 2479 889 2533 895 2534 895 2655 882 2655 871 2651 815 2577 813 2531 796 2530 796 2476 794 2475 794 2193 808 2098 824 2096 824 2034 807 2033 807 2031 807 1801 824 1739 813 1738 813 1737 813 1706 822 1679 818 1677 818 1676 818 1631 834 1603 845 1515 849 1469 842 1468 842 1467 842 1446 852 1086 860 1029 848 1027 848 1026 848 964 864 844 866 750 851 686 841 684 841 683 841 663 848 564 844 563 844 511 855 513 925"/></Shape>
	    <String CONTENT="Gebert habitant au dit Canton de la Paternité"
                    HPOS="511"
                    VPOS="794"
                    WIDTH="2144"
                    HEIGHT="159"
                    WC="0.9806353489557902"></String>
          </TextLine>
          <TextLine ID="eSc_line_76d2e45e"
                    TAGREFS="LT327"
                    BASELINE="501 1052 935 1045 1607 1003 2128 987 2463 968 2644 968" 
                    HPOS="498"
                    VPOS="903"
                    WIDTH="2146"
                    HEIGHT="171">
            <Shape><Polygon POINTS="501 1052 501 1068 648 1068 648 1067 702 1060 725 1057 736 1059 816 1074 818 1074 946 1068 947 1068 986 1054 1015 1061 1016 1061 1018 1061 1084 1046 1107 1041 1124 1045 1175 1056 1176 1056 1241 1039 1261 1034 1394 1027 1511 1024 1533 1030 1578 1041 1580 1041 1581 1041 1582 1041 1617 1028 1717 1028 1717 1027 1719 1027 1738 1021 1774 1012 1810 1019 1852 1027 1854 1027 1855 1027 1890 1016 1903 1010 1986 1006 2062 1009 2182 1015 2183 1015 2323 1008 2325 1008 2347 999 2369 990 2430 995 2432 995 2434 995 2436 995 2493 984 2531 992 2562 998 2563 998 2644 987 2644 968 2640 917 2584 903 2582 903 2581 903 2467 907 2380 928 2299 947 2110 954 2055 943 2053 943 2005 948 1980 942 1942 931 1940 931 1939 931 1794 936 1793 936 1756 950 1704 969 1672 962 1670 962 1669 962 1642 975 1571 977 1518 958 1511 957 1509 957 1384 954 1383 954 1381 954 1358 965 1340 972 1305 966 1301 966 1300 966 1299 966 1297 966 1250 986 1198 975 1197 975 1195 975 1172 986 1053 986 1052 986 1051 986 1000 1002 946 994 945 994 943 994 899 1008 713 1015 633 991 628 990 626 990 625 990 498 995 501 1052"/></Shape>
	    <String CONTENT="dan te quel il etablit sa Confiance, te priant en"
                    HPOS="498"
                    VPOS="903"
                    WIDTH="2146"
                    HEIGHT="171"
                    WC="0.9696178272062418"></String>
          </TextLine>
          <TextLine ID="eSc_line_65c89d6f"
                    TAGREFS="LT327"
                    BASELINE="498 1178 822 1159 1293 1149 2249 1100 2633 1088" 
                    HPOS="494"
                    VPOS="1035"
                    WIDTH="2139"
                    HEIGHT="168">
            <Shape><Polygon POINTS="498 1178 500 1200 535 1189 566 1198 586 1203 588 1203 589 1203 743 1198 745 1198 774 1188 810 1176 916 1173 940 1181 946 1183 947 1183 949 1183 950 1183 961 1180 989 1173 1102 1173 1104 1173 1106 1173 1107 1173 1202 1159 1264 1166 1311 1172 1312 1172 1440 1166 1442 1166 1467 1158 1487 1149 1513 1155 1542 1160 1544 1160 1622 1158 1676 1148 1739 1136 1805 1136 1829 1141 1856 1147 1858 1147 2075 1137 2131 1127 2202 1114 2322 1116 2323 1116 2445 1101 2547 1100 2588 1107 2618 1111 2620 1111 2621 1111 2633 1104 2633 1088 2631 1041 2438 1043 2376 1035 2374 1035 2290 1053 2285 1053 2274 1053 2124 1045 2122 1045 1987 1061 1943 1053 1942 1053 1792 1068 1699 1064 1698 1064 1697 1064 1664 1075 1606 1097 1176 1115 1122 1101 1121 1101 1119 1101 1118 1101 1052 1122 1000 1123 911 1104 910 1104 909 1104 865 1121 790 1121 789 1121 724 1136 600 1115 599 1115 597 1115 494 1118 498 1178"/></Shape>
	    <String CONTENT="Coutéquence de faire a captation tour Sui Donier ce"
                    HPOS="494"
                    VPOS="1035"
                    WIDTH="2139"
                    HEIGHT="168"
                    WC="0.9889806193463943"></String>
          </TextLine>
          <TextLine ID="eSc_line_d4d08751"
                    TAGREFS="LT327"
                    BASELINE="513 1315 1089 1272 1549 1262 2416 1216 2671 1210" 
                    HPOS="509"
                    VPOS="1159"
                    WIDTH="2162"
                    HEIGHT="181">
            <Shape><Polygon POINTS="513 1315 513 1326 617 1340 618 1340 739 1316 754 1312 874 1308 887 1309 987 1320 989 1320 1100 1306 1157 1309 1158 1309 1253 1293 1278 1297 1279 1297 1281 1297 1307 1289 1319 1286 1330 1287 1358 1293 1359 1293 1361 1293 1389 1284 1413 1278 1494 1275 1509 1279 1522 1283 1523 1283 1646 1286 1647 1286 1899 1272 1982 1257 2045 1246 2114 1251 2199 1257 2201 1257 2202 1257 2231 1246 2244 1240 2308 1242 2333 1242 2334 1242 2345 1240 2398 1228 2439 1235 2476 1242 2478 1242 2526 1231 2567 1222 2671 1224 2671 1210 2666 1166 2501 1167 2450 1174 2427 1177 2414 1176 2318 1159 2317 1159 2315 1159 2266 1181 2253 1188 2188 1189 2169 1185 2131 1177 2129 1177 2075 1189 2040 1199 1833 1209 1789 1202 1701 1185 1699 1185 1491 1196 1414 1210 1385 1202 1384 1202 1383 1202 1278 1207 1276 1207 1250 1217 1208 1211 1206 1211 1205 1211 1153 1227 1107 1240 1051 1231 1009 1225 1008 1225 1006 1225 986 1233 973 1239 945 1236 884 1228 883 1228 818 1232 816 1232 792 1242 736 1265 673 1269 578 1250 559 1247 557 1247 509 1253 513 1315"/></Shape>
	    <String CONTENT="dernier temoignage de son estime, Se dissaisisiant  en"
                    HPOS="509"
                    VPOS="1159"
                    WIDTH="2162"
                    HEIGHT="181"
                    WC="0.9770448605219523"></String>
          </TextLine>
          <TextLine ID="eSc_line_8e07c097"
                    TAGREFS="LT327"
                    BASELINE="491 1448 1549 1403" 
                    HPOS="489"
                    VPOS="1334"
                    WIDTH="1060"
                    HEIGHT="145">
            <Shape><Polygon POINTS="491 1448 491 1469 515 1468 522 1470 544 1479 545 1479 546 1479 548 1479 578 1468 619 1454 666 1465 695 1472 697 1472 749 1470 750 1470 768 1462 796 1448 807 1454 808 1454 810 1454 811 1454 812 1454 823 1446 859 1450 860 1450 1041 1436 1071 1452 1078 1455 1080 1455 1081 1455 1161 1452 1162 1452 1164 1452 1169 1448 1199 1430 1230 1428 1304 1432 1321 1443 1322 1443 1323 1443 1325 1443 1326 1443 1380 1428 1395 1435 1396 1435 1398 1435 1424 1429 1445 1436 1446 1436 1447 1436 1449 1436 1450 1436 1458 1429 1468 1437 1469 1437 1471 1437 1472 1437 1473 1437 1475 1437 1487 1428 1504 1437 1505 1437 1507 1437 1549 1436 1549 1403 1546 1348 1519 1348 1518 1348 1516 1348 1515 1348 1513 1349 1487 1367 1413 1370 1388 1356 1348 1334 1347 1334 1345 1334 1344 1334 1310 1344 1290 1335 1289 1335 1288 1335 1165 1341 1164 1341 1117 1363 1088 1349 1086 1349 1085 1349 1084 1349 1049 1363 1033 1355 1031 1355 1030 1355 984 1359 953 1351 951 1351 950 1351 949 1351 947 1351 936 1360 917 1352 916 1352 914 1352 913 1352 911 1352 862 1388 852 1395 625 1403 621 1402 566 1375 564 1375 563 1375 562 1375 560 1375 506 1408 504 1410 489 1410 491 1448"/></Shape>
	    <String CONTENT="Couse quinci en ses maine"
                    HPOS="489"
                    VPOS="1334"
                    WIDTH="1060"
                    HEIGHT="145"
                    WC="0.9762058472633361"></String>
          </TextLine>
          <TextLine ID="eSc_line_2bb6ba3f"
                    TAGREFS="LT327"
                    BASELINE="1643 1377 2248 1337 2385 1319 2690 1302" 
                    HPOS="1639"
                    VPOS="1247"
                    WIDTH="1051"
                    HEIGHT="152">
            <Shape><Polygon POINTS="1643 1377 1644 1399 1727 1385 1755 1392 1756 1392 1757 1392 1759 1392 1866 1385 1867 1385 1869 1385 1872 1382 1896 1367 1956 1366 1985 1374 1996 1377 1997 1377 1998 1377 2000 1377 2012 1371 2041 1357 2110 1355 2129 1363 2140 1367 2142 1367 2143 1367 2144 1367 2146 1367 2155 1360 2169 1351 2205 1356 2223 1359 2224 1359 2226 1359 2227 1359 2227 1357 2231 1355 2237 1348 2246 1353 2253 1356 2255 1356 2256 1356 2257 1356 2259 1356 2264 1352 2275 1342 2330 1341 2347 1345 2369 1352 2370 1352 2372 1352 2463 1337 2537 1341 2538 1341 2540 1341 2570 1327 2581 1322 2618 1322 2622 1323 2638 1333 2639 1333 2640 1333 2642 1333 2643 1333 2644 1333 2660 1320 2665 1318 2688 1318 2690 1302 2686 1260 2633 1257 2632 1257 2631 1257 2615 1264 2596 1254 2595 1254 2593 1254 2592 1254 2566 1268 2527 1247 2526 1247 2525 1247 2523 1247 2490 1256 2391 1256 2390 1256 2388 1256 2387 1256 2387 1257 2377 1265 2325 1260 2323 1260 2322 1260 2275 1279 2246 1273 2245 1273 2244 1273 2242 1273 2219 1291 2219 1293 2199 1293 2198 1293 2140 1272 2139 1272 2137 1272 2136 1272 2055 1302 2015 1280 2013 1280 2012 1280 2011 1280 2009 1280 1965 1309 1931 1311 1929 1311 1899 1290 1898 1290 1896 1290 1895 1290 1894 1290 1892 1290 1861 1316 1818 1318 1766 1298 1764 1298 1763 1298 1761 1298 1697 1326 1639 1330 1643 1377"/></Shape>
	    <String CONTENT="tout ser bien Conformem et"
                    HPOS="1639"
                    VPOS="1247"
                    WIDTH="1051"
                    HEIGHT="152"
                    WC="0.9674757764889643"></String>
          </TextLine>
          <TextLine ID="eSc_line_6577f9eb"
                    TAGREFS="LT327"
                    BASELINE="509 1582 1292 1554 1439 1530 1734 1516" 
                    HPOS="506"
                    VPOS="1458"
                    WIDTH="1228"
                    HEIGHT="146">
            <Shape><Polygon POINTS="509 1582 512 1604 541 1594 573 1601 577 1601 578 1601 579 1601 581 1601 614 1585 640 1597 648 1601 650 1601 651 1601 652 1601 669 1596 713 1582 734 1592 735 1592 738 1593 779 1596 781 1596 782 1596 783 1596 790 1590 796 1585 807 1589 818 1593 819 1593 821 1593 822 1593 833 1587 855 1576 895 1585 949 1594 950 1594 951 1594 989 1579 1020 1567 1056 1575 1096 1585 1097 1585 1158 1572 1201 1572 1221 1582 1223 1582 1224 1582 1458 1574 1460 1574 1461 1574 1491 1553 1502 1545 1732 1539 1734 1516 1728 1477 1717 1481 1709 1477 1681 1466 1680 1466 1679 1466 1677 1466 1620 1481 1611 1484 1608 1483 1567 1458 1566 1458 1564 1458 1563 1458 1389 1465 1388 1465 1323 1484 1283 1472 1282 1472 1281 1472 1279 1472 1278 1472 1230 1501 1227 1502 1184 1508 1136 1508 1130 1505 1111 1494 1110 1494 1108 1494 1107 1494 1106 1494 1085 1505 1053 1495 1052 1495 1051 1495 1049 1495 1009 1510 1005 1512 995 1512 935 1506 933 1506 932 1506 900 1514 889 1508 888 1508 887 1508 885 1508 884 1508 883 1508 869 1516 782 1494 781 1494 779 1494 778 1494 710 1525 708 1527 677 1527 676 1527 630 1502 629 1502 628 1502 626 1502 574 1531 573 1532 506 1534 509 1582"/></Shape>
	    <String CONTENT="à la Contume et aust iglement"
                    HPOS="506"
                    VPOS="1458"
                    WIDTH="1228"
                    HEIGHT="146"
                    WC="0.9702570870004851"></String>
          </TextLine>
          <TextLine ID="eSc_line_4e64d617"
                    TAGREFS="LT327"
                    BASELINE="1834 1491 2604 1452" 
                    HPOS="1830"
                    VPOS="1379"
                    WIDTH="774"
                    HEIGHT="131">
            <Shape><Polygon POINTS="1834 1491 1834 1510 1884 1510 1884 1509 1885 1509 1887 1509 1887 1508 1888 1508 1888 1506 1895 1498 1942 1503 1961 1505 1963 1505 1964 1505 1965 1505 1969 1501 1982 1492 2026 1491 2042 1497 2052 1501 2053 1501 2055 1501 2056 1501 2071 1495 2091 1488 2125 1492 2160 1495 2161 1495 2162 1495 2180 1488 2194 1483 2205 1487 2212 1490 2213 1490 2215 1490 2216 1490 2217 1490 2217 1488 2219 1488 2220 1486 2224 1481 2230 1486 2242 1491 2244 1491 2245 1491 2288 1481 2311 1477 2328 1480 2362 1484 2363 1484 2365 1484 2380 1476 2387 1473 2431 1473 2566 1475 2567 1475 2569 1475 2604 1462 2604 1452 2602 1406 2574 1390 2573 1390 2571 1390 2570 1390 2569 1390 2569 1392 2567 1392 2560 1402 2540 1399 2538 1399 2537 1399 2536 1399 2522 1408 2508 1417 2494 1408 2441 1379 2439 1379 2438 1379 2325 1385 2307 1386 2306 1386 2304 1386 2304 1388 2277 1413 2255 1433 2157 1436 2143 1425 2142 1425 2140 1425 2139 1425 2137 1425 2136 1425 2122 1433 2103 1424 2102 1424 2100 1424 2099 1424 2077 1432 2059 1425 2058 1425 2056 1425 2055 1425 2053 1425 2053 1426 2036 1444 1996 1446 1928 1441 1898 1418 1891 1413 1890 1413 1888 1413 1887 1413 1830 1418 1834 1491"/></Shape>
	    <String CONTENT="Pour Par sud au dit"
                    HPOS="1830"
                    VPOS="1379"
                    WIDTH="774"
                    HEIGHT="131"
                    WC="0.9717706410508407"></String>
          </TextLine>
          <TextLine ID="eSc_line_6525344f"
                    TAGREFS="LT327"
                    BASELINE="508 1717 727 1714 1114 1698 1424 1667 1800 1643 2029 1609 2669 1575" 
                    HPOS="504"
                    VPOS="1528"
                    WIDTH="2165"
                    HEIGHT="214">
            <Shape><Polygon POINTS="508 1717 509 1738 601 1731 610 1732 665 1742 666 1742 807 1727 844 1731 845 1731 1176 1710 1292 1695 1336 1700 1337 1700 1439 1677 1478 1669 1513 1673 1571 1678 1573 1678 1629 1665 1637 1663 1651 1663 1794 1669 1796 1669 1885 1648 1921 1638 2041 1633 2060 1636 2118 1648 2120 1648 2121 1648 2204 1627 2231 1619 2478 1605 2491 1608 2511 1612 2512 1612 2514 1612 2538 1605 2552 1601 2560 1604 2582 1609 2584 1609 2585 1609 2669 1596 2669 1575 2665 1539 2603 1528 2602 1528 2600 1528 2553 1546 2551 1546 2549 1546 2514 1535 2512 1535 2511 1535 2478 1541 2424 1531 2423 1531 2042 1554 2041 1554 1980 1581 1967 1587 1905 1593 1881 1587 1877 1586 1876 1586 1874 1586 1873 1586 1869 1587 1837 1603 1684 1612 1640 1604 1639 1604 1637 1604 1585 1618 1502 1611 1500 1611 1498 1611 1497 1611 1496 1611 1436 1629 1261 1638 1216 1629 1139 1611 1137 1611 1136 1611 1102 1619 1038 1616 1037 1616 935 1625 933 1625 866 1649 834 1662 789 1669 646 1676 610 1666 573 1655 571 1655 570 1655 568 1655 504 1671 508 1717"/></Shape>
	    <String CONTENT="de jou de cesi en faire tesrenoise et eemplois sus endiq"
                    HPOS="504"
                    VPOS="1528"
                    WIDTH="2165"
                    HEIGHT="214"
                    WC="0.9677643275686673"></String>
          </TextLine>
          <TextLine ID="eSc_line_1c1c15e8"
                    TAGREFS="LT327"
                    BASELINE="730 1839 1249 1830 1469 1811 1878 1787 2172 1760 2662 1742" 
                    HPOS="727"
                    VPOS="1677"
                    WIDTH="1935"
                    HEIGHT="176">
            <Shape><Polygon POINTS="730 1839 730 1842 814 1853 815 1853 891 1841 935 1853 936 1853 938 1853 939 1853 960 1846 1042 1852 1044 1852 1170 1846 1172 1846 1202 1834 1261 1842 1263 1842 1512 1831 1513 1831 1566 1812 1629 1826 1631 1826 1679 1816 1816 1817 1818 1817 1920 1795 1953 1789 2104 1789 2126 1789 2126 1787 2144 1786 2296 1773 2317 1779 2325 1782 2326 1782 2328 1782 2329 1782 2341 1779 2369 1771 2423 1775 2442 1776 2443 1776 2445 1776 2454 1773 2487 1765 2526 1771 2536 1772 2537 1772 2555 1769 2587 1765 2599 1768 2631 1776 2632 1776 2633 1776 2635 1776 2662 1765 2662 1742 2658 1677 2551 1681 2549 1681 2541 1684 2472 1713 2372 1695 2350 1692 2348 1692 2186 1707 2169 1709 2166 1709 2107 1700 2106 1700 2048 1703 2047 1703 2026 1713 1953 1707 1951 1707 1950 1707 1890 1727 1808 1755 1752 1757 1694 1740 1680 1736 1679 1736 1677 1736 1676 1736 1650 1743 1635 1747 1626 1744 1589 1731 1588 1731 1586 1731 1464 1750 1423 1736 1421 1736 1420 1736 1327 1757 1303 1751 1301 1751 1300 1751 1299 1751 1257 1769 1227 1783 727 1804 730 1839"/></Shape>
	    <String CONTENT="te fut ainsi fait dicté et nommé Par le dit Bre"
                    HPOS="727"
                    VPOS="1677"
                    WIDTH="1935"
                    HEIGHT="176"
                    WC="0.9967960017792722"></String>
          </TextLine>
          <TextLine ID="eSc_line_5132807c"
                    TAGREFS="LT327"
                    BASELINE="527 1969 929 1947 1288 1937 1515 1918 2377 1870 2686 1867" 
                    HPOS="524"
                    VPOS="1815"
                    WIDTH="2162"
                    HEIGHT="180">
            <Shape><Polygon POINTS="527 1969 527 1988 601 1995 603 1995 604 1995 639 1984 675 1972 727 1980 743 1981 745 1981 746 1981 756 1977 787 1966 829 1972 830 1972 924 1959 1041 1965 1126 1968 1128 1968 1184 1958 1206 1954 1234 1955 1325 1961 1326 1961 1327 1961 1372 1948 1384 1946 1395 1947 1429 1954 1431 1954 1432 1954 1456 1944 1471 1939 1487 1943 1515 1950 1516 1950 1518 1950 1709 1941 1710 1941 1739 1930 1742 1930 1746 1930 1788 1937 1789 1937 1837 1926 1907 1910 1964 1921 1993 1925 1994 1925 2049 1919 2051 1919 2060 1915 2099 1900 2160 1911 2173 1912 2175 1912 2197 1908 2253 1899 2274 1906 2285 1908 2286 1908 2288 1908 2289 1908 2307 1904 2373 1885 2563 1877 2635 1888 2644 1889 2646 1889 2684 1885 2686 1867 2682 1816 2383 1830 2381 1830 2322 1815 2321 1815 2319 1815 2318 1815 2277 1828 2227 1819 2226 1819 2224 1819 2171 1841 2169 1841 2165 1841 2029 1830 2027 1830 2026 1830 1987 1844 1902 1842 1901 1842 1899 1842 1883 1849 1800 1837 1799 1837 1730 1839 1666 1852 1643 1845 1642 1845 1640 1845 1526 1857 1486 1852 1485 1852 1420 1866 1366 1859 1365 1859 1215 1888 1208 1889 1195 1889 1082 1886 1046 1874 1045 1874 1044 1874 993 1877 991 1877 907 1904 903 1904 900 1904 829 1886 827 1886 661 1893 659 1893 584 1919 582 1921 524 1922 527 1969"/></Shape>
	    <String CONTENT="aua temoins et notaire Soussignét ; et Par ce dervier le"
                    HPOS="524"
                    VPOS="1815"
                    WIDTH="2162"
                    HEIGHT="180"
                    WC="0.973960671041693"></String>
          </TextLine>
          <TextLine ID="eSc_line_2854951c"
                    TAGREFS="LT327"
                    BASELINE="538 2101 885 2082 1540 2058 1936 2025 2514 1996 2690 1994" 
                    HPOS="535"
                    VPOS="1941"
                    WIDTH="2155"
                    HEIGHT="179">
            <Shape><Polygon POINTS="538 2101 538 2114 669 2105 683 2108 735 2120 736 2120 848 2115 849 2115 900 2100 954 2109 956 2109 1059 2089 1082 2085 1096 2087 1148 2098 1150 2098 1384 2089 1512 2065 1533 2061 1647 2057 1658 2058 1698 2064 1699 2064 1701 2064 1728 2056 1834 2057 1836 2057 1837 2057 1865 2047 1872 2045 2007 2039 2018 2041 2115 2053 2117 2053 2295 2032 2339 2039 2340 2039 2483 2035 2485 2035 2574 2012 2576 2010 2690 2005 2690 1994 2686 1941 2618 1954 2390 1957 2323 1958 2311 1961 2292 1965 2281 1962 2238 1948 2237 1948 2235 1948 2194 1951 2147 1941 2146 1941 2144 1941 2064 1970 2019 1973 1946 1965 1945 1965 1943 1965 1924 1973 1810 1958 1808 1958 1632 1966 1631 1966 1534 2001 1519 2006 1487 2003 1376 1994 1374 1994 1209 2012 1132 2010 1130 2010 1056 2027 1038 2030 1023 2028 851 2005 849 2005 731 2010 730 2010 577 2052 574 2053 535 2053 538 2101"/></Shape>
	    <String CONTENT="et Rélis un mot à près Vantre, audit testateur qui ade"
                    HPOS="535"
                    VPOS="1941"
                    WIDTH="2155"
                    HEIGHT="179"
                    WC="0.9886880307285874"></String>
          </TextLine>
          <TextLine ID="eSc_line_88167283"
                    TAGREFS="LT327"
                    BASELINE="542 2222 783 2220 1212 2198 1916 2147 2602 2123" 
                    HPOS="538"
                    VPOS="2078"
                    WIDTH="2064"
                    HEIGHT="166">
            <Shape><Polygon POINTS="542 2222 544 2240 630 2232 647 2236 675 2244 676 2244 677 2244 838 2236 898 2225 936 2217 961 2221 993 2228 994 2228 1038 2218 1293 2213 1294 2213 1322 2204 1358 2195 1389 2202 1398 2203 1399 2203 1400 2203 1406 2202 1429 2192 1453 2196 1454 2196 1591 2182 1681 2188 1721 2191 1723 2191 1724 2191 1742 2185 1783 2173 1878 2169 1924 2177 1934 2178 1935 2178 1946 2176 2000 2162 2154 2153 2253 2162 2257 2162 2259 2162 2263 2162 2319 2149 2355 2158 2361 2158 2362 2158 2447 2153 2454 2152 2523 2138 2600 2145 2602 2123 2598 2078 2241 2094 2231 2092 2206 2083 2205 2083 2204 2083 2136 2090 2089 2078 2088 2078 2086 2078 1890 2093 1888 2093 1851 2107 1818 2119 1775 2119 1738 2111 1687 2098 1686 2098 1614 2104 1613 2104 1571 2116 1533 2130 1496 2131 1464 2120 1454 2118 1453 2118 1451 2118 1450 2118 1432 2122 1413 2127 1398 2123 1376 2118 1374 2118 1373 2118 1372 2118 1352 2126 1329 2134 1294 2131 1293 2131 1292 2131 1253 2144 1223 2138 1221 2138 1220 2138 1198 2148 1085 2136 1042 2131 1041 2131 1008 2138 903 2163 837 2145 830 2144 829 2144 827 2144 826 2144 819 2147 753 2170 632 2153 629 2153 628 2153 538 2156 542 2222"/></Shape>
	    <String CONTENT="et de claré Dien entendie et Comprendre le Contine ae"
                    HPOS="538"
                    VPOS="2078"
                    WIDTH="2064"
                    HEIGHT="166"
                    WC="0.9910253814931186"></String>
          </TextLine>
          <TextLine ID="eSc_line_4d1cc2e4"
                    TAGREFS="LT327"
                    BASELINE="578 2361 1179 2337 1632 2306 2208 2258 2661 2250" 
                    HPOS="573"
                    VPOS="2174"
                    WIDTH="2088"
                    HEIGHT="216">
            <Shape><Polygon POINTS="578 2361 579 2390 829 2364 887 2372 888 2372 889 2372 976 2368 978 2368 983 2367 1059 2346 1122 2359 1132 2360 1133 2360 1464 2342 1465 2342 1482 2337 1537 2321 1622 2321 1624 2321 1625 2321 1669 2309 1748 2315 1749 2315 1832 2306 1884 2313 1916 2317 1917 2317 1918 2317 1939 2310 1972 2297 2049 2287 2661 2266 2661 2250 2655 2178 2596 2191 2553 2182 2507 2174 2505 2174 2504 2174 2475 2187 2474 2188 2460 2188 2245 2188 2244 2188 2175 2200 2120 2196 2118 2196 2117 2196 2089 2206 2074 2210 2048 2207 1996 2202 1994 2202 1965 2204 1964 2204 1945 2213 1863 2249 1546 2258 1434 2271 1403 2261 1402 2261 1400 2261 1399 2261 1370 2275 1260 2280 1212 2265 1210 2265 1209 2265 1151 2276 1110 2265 1108 2265 1107 2265 1106 2265 1057 2279 994 2260 987 2257 986 2257 984 2257 936 2260 935 2260 929 2262 855 2295 807 2284 805 2284 804 2284 746 2299 647 2276 646 2276 644 2276 573 2279 578 2361"/></Shape>
	    <String CONTENT="présent Son testament, dans le quelil dessiste Tonn"
                    HPOS="573"
                    VPOS="2174"
                    WIDTH="2088"
                    HEIGHT="216"
                    WC="0.9879764096409667"></String>
          </TextLine>
          <TextLine ID="eSc_line_2b108cf4"
                    TAGREFS="LT327"
                    BASELINE="1041 2466 1376 2447 1505 2432 1775 2426 2077 2403 2425 2392 2633 2393" 
                    HPOS="1037"
                    VPOS="2331"
                    WIDTH="1596"
                    HEIGHT="146">
            <Shape><Polygon POINTS="1041 2466 1041 2477 1053 2477 1067 2477 1081 2477 1091 2477 1140 2473 1164 2477 1177 2477 1191 2477 1205 2477 1206 2477 1215 2474 1239 2465 1301 2465 1316 2470 1327 2474 1329 2474 1330 2474 1529 2466 1530 2466 1544 2461 1578 2444 1680 2441 1712 2452 1715 2454 1716 2454 1717 2454 1719 2454 1726 2452 1790 2436 1891 2445 1928 2448 1929 2448 1931 2448 1942 2443 1972 2428 2126 2422 2150 2430 2151 2430 2153 2430 2154 2430 2210 2417 2281 2429 2289 2429 2290 2429 2292 2429 2295 2428 2323 2411 2394 2408 2475 2411 2494 2419 2503 2422 2504 2422 2505 2422 2632 2412 2633 2393 2631 2348 2500 2350 2450 2339 2449 2339 2447 2339 2427 2345 2401 2334 2399 2334 2398 2334 2310 2344 2267 2331 2266 2331 2264 2331 2195 2335 2194 2335 2193 2335 2169 2349 2114 2338 2113 2338 2111 2338 2110 2338 2091 2350 2018 2355 2016 2355 1986 2370 1974 2375 1935 2371 1907 2368 1906 2368 1883 2372 1858 2378 1843 2374 1818 2367 1816 2367 1815 2367 1814 2367 1790 2377 1768 2386 1701 2388 1670 2381 1615 2366 1614 2366 1613 2366 1578 2372 1529 2364 1527 2364 1405 2370 1403 2370 1330 2392 1281 2408 1250 2408 1216 2396 1179 2383 1177 2383 1176 2383 1175 2383 1117 2400 1103 2403 1092 2400 1075 2396 1074 2396 1073 2396 1037 2401 1041 2466"/></Shape>
	    <String CONTENT="at tout Sointe et dispotitions de demiere"
                    HPOS="1037"
                    VPOS="2331"
                    WIDTH="1596"
                    HEIGHT="146"
                    WC="0.9836727991336729"></String>
          </TextLine>
        </TextBlock>
        <TextBlock HPOS="1939"
                   VPOS="5"
                   WIDTH="621"
                   HEIGHT="98"
                   ID="eSc_textblock_dd446028"
                   TAGREFS="BT497">
          <Shape><Polygon POINTS="2328 5 2511 11 2560 53 2379 86 2253 75 1998 103 1961 103 1939 70 1961 27 2328 5"/></Shape>
          <TextLine ID="eSc_line_97b3fd41"
                    TAGREFS="LT327"
                    BASELINE="1950 63 2515 39" 
                    HPOS="1950"
                    VPOS="5"
                    WIDTH="565"
                    HEIGHT="84">
            <Shape><Polygon POINTS="2498 9 2485 9 2471 9 2457 8 2443 8 2430 8 2416 6 2402 6 2388 6 2374 6 2361 5 2347 5 2333 5 2319 5 2306 5 2292 6 2278 8 2264 8 2250 9 2237 9 2223 11 2209 12 2195 12 2182 13 2168 13 2154 15 2140 16 2126 16 2113 17 2099 17 2085 19 2071 20 2062 20 1958 28 1951 42 1950 63 1950 89 2082 72 2177 77 2209 77 2210 77 2237 72 2283 63 2304 67 2332 74 2333 74 2334 74 2374 63 2391 59 2401 61 2423 68 2424 68 2425 68 2427 68 2428 68 2445 59 2449 56 2460 57 2493 61 2494 61 2496 61 2515 53 2515 39 2512 13 2498 9"/></Shape>
	    <String CONTENT="quarante toumtianme"
                    HPOS="1950"
                    VPOS="5"
                    WIDTH="565"
                    HEIGHT="84"
                    WC="0.9663752756620708"></String>
          </TextLine>
        </TextBlock>
        <TextBlock HPOS="2468"
                   VPOS="2473"
                   WIDTH="4"
                   HEIGHT="4"
                   ID="eSc_textblock_b8c9cad5"
                   TAGREFS="BT497">
          <Shape><Polygon POINTS="2471 2473 2472 2477 2468 2477 2468 2473 2471 2473"/></Shape>
        </TextBlock>
        <TextBlock HPOS="2694"
                   VPOS="2407"
                   WIDTH="4"
                   HEIGHT="4"
                   ID="eSc_textblock_f535d1f8"
                   TAGREFS="BT497">
          <Shape><Polygon POINTS="2697 2407 2698 2411 2694 2411 2694 2407 2697 2407"/></Shape>
        </TextBlock>
      </PrintSpace>
    </Page>
  </Layout>
</alto>
