3508 2204
2789 23 649 101 troivieuse fouillet

600 110 2887 111 le sextide de la secorive decade de frensaire de lau cenq de la republique francaise

601 226 2894 105 une et inndivisible apres la moitie du jour et le testateur a signe dvec les temoins

594 313 2139 119 et la ngaire siques saint Bris, olandabel gelliir et oalu.

754 421 2745 120 Controtté au port nord ouett dsle de france le dis sept geummal au dexieme

584 532 2441 112 de la apubligne francanse une et ndivisible recu mille liores signe dervier

1155 630 2345 105 Enregestie par moi Et enne hixcinttoe tiusson greffiee du tribemal

1166 733 2332 138 cevil de liste de France soussigne sur le dit testanment a moi pretente

1183 875 427 98 e ett effet.

1267 933 2234 164 Pont n. D. le des neut germinsal au E^ue de la rep. faanᵉ ume et un

2577 1113 307 83 dusson

100 1381 462 122 Contrat de

877 1356 2627 152 Dun contrat de mariage accu par Duvrand notaire que au a minutte

100 1512 443 76 marsage

880 1457 2623 143 et son confrese Meaitel à libla de france sons la datte du dia gereinnal

193 1573 236 106 Entre

891 1607 1142 91 au Siaieime du cenant controttée.

85 1648 506 124 Blandun Ctoaslin

972 1743 2533 148 Jacques ftancois gosept Blanden Chaslin habitant au canton des troir de la

1500 1722 186 80 Eutre

63 1877 556 117 dandine Licutier

966 1841 2535 146 fils mineur de francois marse Enmannel Blaudin Chaslin et marie

973 1949 2531 142 Latour ses pere et nese procédant et Hipulant pour lui et en

984 2095 789 95 son nont dume part.
