2642 2479
2059 16 421 83 quarantieime

550 121 2042 95 nai Bumt L'esprit Aliené, et que cest moi même qui

542 225 644 104 à eerit le pout.

725 297 1768 129 Jengage et de Jue la Cétoyen Baignon/

539 404 1999 142 don jointement avec 12 Ce malqnatier de Se charger

544 521 2024 149 de més affaire et de les faire Executere Suivant me

539 618 2078 161 dernières Volonté ; cest e dernier service damiquel in

545 782 444 104 Bou dront.

808 819 1810 143 Ain Port m le Jsle de fravce le preute, Thesmisse

526 943 2093 140 au quatriene de la Bépubfique francaice une et nedivitil

519 1064 1948 132 AepouDant an 17 Poust 1796 ( S.) J que

523 1176 2030 135 diquenot. Vlus Bavest ecrit Vour Tapéé anforne et

524 1297 2069 138 Letteral de la mimitte de poses au graffe et innare au

520 1379 2101 175 Brocis virbal dapposition de feellé faite au Domicile du

517 1469 2093 202 de funt le vnigt huit lhonne dor au 6° S. gué Devidle fils

500 1576 2107 186 en marge dit dau vontollé au poit M le M furctide en lt Lui melle

504 1663 2107 165 tarie Jegii marchandere /Me le present Estament na été controllé quapre

501 1753 2074 175 temegistiement et lelnogittre Par moi Etienné hiacinthe

1063 1878 63 66 me

508 1871 530 134 onsé fruilidor un 6

1084 1862 1443 148 husson, Greffier du Rubunal Civil

1049 1947 1475 162 de la dolonie de Vitle de france

1057 2082 1554 131 soussign jur une exprédition die du test ement amoi

1115 2204 507 101 presentée aut effit

1128 2255 1489 126 Auloit du Nordost Ie de France lehuu freulie

1095 2348 1226 121 an Sexiene de la Cepee fa une lnde

2351 2357 233 87 Busson
