2479 2967
405 1 2037 117 dani Je quel 'il etablit sa Confiance, le priant en

410 117 2011 123 Coutéquence de faire à captation tour Sui Donnir ce

418 207 2008 162 dernier temoignage de son estime, se dissaisissant da

390 379 1026 123 Couse querice en sis mains

1456 291 1009 163 de touts ses bien. Conformem et

1674 433 747 129 Pour Par lud audit

1745 433 16 46 1

415 502 1188 124 à la Contaime et aus Riglement

404 570 2042 193 de jon deces en faire le srémise et een plois sus indiq

623 700 1819 190 Ce fut ainsi fait dicté et nommé Par le dit Bré

400 848 2042 160 aua temoins et notaire Soussignés ; et var ce dernier l

390 970 2074 165 et Rélie un mot à près Lantre audit testateur qui ade

395 1114 1996 142 et de clare bien entendie et Comprendre le Contime ae

395 1208 2049 201 présent Son testament, dans le quelil dersiste Conn

397 1361 2032 181 Deuforiiant ai tout Joisite ses dispotitions de démiere

1499 1455 21 73 6

407 1503 2032 158 et libres Velontées auf quels il ne vent a jouter n

392 1674 2049 140 Ciminiier Rien requerant acte a lui Donne Ci

827 1643 607 76 3  abe 1    i 2d

394 1808 2063 166 Bésent ifait en Briset Sux La réquisition

409 2009 1947 130 lis Sour moe et an que dessus en la maison

402 2159 2020 128 d'habit atioti du dit Brétin au it Canton de

404 2332 2055 133 la practernite Jele de Bance le quil à signe asie

392 2488 2073 146 les notaire et temsins Lusdit a près secture eiterée

702 2785 61 96 70
