2246 3508
1674 15 408 94 deuaiame fouillas

395 95 1813 105 quil ua poirt desclaves et que ce qui peut lui être du l'est par titres dont

399 181 1800 87 ses heritiers ci apaes peront le reconsrement, notament par le dit Castellain.

483 263 1755 101 Donne et leque buo ses biens et fait don au toute propriété sasore au

386 354 1856 80 cctoyen pancois Carales la somme de deux cent cenquante mille livret en papier

387 420 1855 92 monnoge de cette colonie une fois payée, Et au citoyen Josept Araon la omme

382 491 1860 95 de deux cent cinquante mille liores ausoi en papier monnoie de cette cclonie pour

384 567 1821 80 les dedomagee des peinet et des boins qu'ils lui ont donnet dans tous les temé

378 633 1860 86 et sinqulierement peudant sa maladie des quelles sommes il charge son exccutenr

376 707 1641 92 testamantaire ci apaes nomme de leur payer a chaauu apres son deces.

152 756 150 76 Rone

477 783 1765 94 Donne et Legue à la nomence narqueritte femmé de couleur affranchie par

366 836 1860 111 le testateur une somme de cinquante mille livres papier monnoie de la colonie

126 877 603 128 dune for pajee

479 986 1765 89 Quand au suplur de les biens en cette ditte dole et ceux qui lui pourroient

360 1050 1882 111 apparteuir ailleurs par titae par donnation ou autrement il les donna et le que

356 1124 1886 99 en toute propriété à les deux freses et a la seeur résident à toulouse nommet

354 1192 1880 102 Jean, gean pierre, et Bertrande marontt pour en jouir et les receuiller chacum

350 1257 1884 107 dans la parpoution dun ters ; et au cat de dece des nb on dit autres il substitiie

350 1333 1890 91 leur portion en faveur du viervirant les nstituant tout trois ses layataires uiivorte

347 1409 1893 91 pour par eux gouir nter, faiie et dispoter de ses dit bieus les legs particntie

347 1479 1893 70 ce dossus et tontet dettes payeer, comme de chose leur appartenant bien et

343 1545 1889 84 legitimeurent au moyen de son present testament, car telle ett son intantion

337 1621 1675 78 et acte de dernière volonté qu'il veut êre executé aussitot son deces.

462 1693 1766 94 Et pour exccuter son present testaiment le testateur a nomme et nomme

327 1736 1893 119 La personne du iitoyen maitonnave son voisir et son auis le prsant de vouloir

329 1791 1895 132 bien accepter cette esarge comme un temiignage de son auittie, de de saisibsant

319 1872 1250 113 de les din bient en ces mains suivant la conturne

425 1900 1762 171 Declare le testateeur revoquer tous testament et codiciles qu'il pourroit

315 1980 1897 155 avoir fait avant celui ci auquel seul il sen tient. et apres avoir donne

313 2046 1878 158 nouvelle tectiore au testateur un mot l'un apres l'autae de son present

296 2104 1909 195 testament il a repeté quicelui contrent absolument des veritables intentions

304 2260 696 121 dans lesquelles il persiste.

391 2289 1773 170 Ce fut ainsi fait et dicté par le testateur en presence des eitoyens

306 2358 1867 179 michel Rimbeau charpentier de marine de la republigne, quillaume

302 2445 1883 178 gregoise dit le perance Brigadiers des archers de la marine taut deux

304 2541 1883 146 residents en cette ditte ville du dit port nond ouest témoins requeit et expres

302 2611 1879 166 appellés par le testateur ce gour neut germinal de lan diaieme de la

302 2716 1889 148 republigue francaite une et indisisible à enq heure de lapres uudy et a

294 2821 1903 141 le testateur declari que le tremblement continuel de sa main droits tempêche

290 2925 1889 146 de siguer ce quil na pus faire quoique de ce faise enquil et interpelle

298 3024 1897 125 s ant la lo, qun  aux témoins ile ont Signés le present testament signe

294 3118 671 109 gregn Rembant et Delisle.

1002 3163 33 40 1

389 3186 1771 156 En iye est cent, Signe Certefie vorutable au désir de lace de depôt

1491 3320 64 65 15

814 3424 65 64 80

40 1237 47 70 14

204 1644 37 61 30
