2479 2875
338 63 2038 114 ardre, ileauront les mêmes ioite que moi à les

878 1 1551 75 ie tour toutes les obligatiaic Passé a mon

341 174 2002 121 Réclanier, Domme au Ili se davoin Contracté

343 298 2092 122 quelque. oligations il dervint obligés d'ey datis faire

340 420 1110 102 Prenant mon lien et Place.

360 637 2059 112 seure Durateur, au à vited Placi le C^n Partigue volre

565 538 1853 94 de vous charge en code de Plui mon cher Payt ditte

370 776 2014 120 fils aine, domme voutandbin Se charger de mes

365 899 904 107 affaire a votre absence.

368 1172 2099 132 agé de quatoize à quintdans et une rnégresié ; nommée Dugelqu

686 1023 1713 147 Ca ditte à un noir morannibique nommé dupévoir

362 1293 1046 93 agée d'euveron quatoize am

1889 1175 219 78 qudicine.

565 1403 1896 131 d'ai aussi deus noire qui desett chez vout, ils appart

386 1538 2008 97 à victoire et à mes enfants ; mais tout sera sens volre

381 1649 1904 109 Sauve garde, et Cette du Ctr Partigen. Volrd fils

552 1761 1907 98 Présentement se vart Content et Tranquitte sur laveuir

378 1841 2091 145 de fait des Vaux Pour que Dieu Vour Couserve et aron

376 1991 2053 106 cher Pagt votre filsanné, et qu'a en on retour de fuind

376 2119 2072 109 vout an braster avec hsie, Par le Plaisir, que L'aurit

383 2247 2046 124 de vour révoir en vou Témoi quant de Cons et

388 2360 1140 110 p'anit que de suit et Servit

1578 2375 578 134 Toutte marie.
