2975 2479
2097 16 614 74 treute cimquienme

490 112 2399 144 dout Ce qui poursa mappartenir au jour de mon decis

447 228 2066 142 lent lituarett à Cit effet mon frgataire univertil.

583 316 2273 181 Se nomme Pour moir Executeur testamentaire le Citoyen

431 422 2391 192 gerusain dupré, habitant de ce Canton (et en Cat dé mort au

1532 549 36 59 2

433 524 2452 177 absessce de la Cotinie) le Citoigere Se ain Baptiste omartion, seune

431 622 2349 189 aussi habitant de ce Cantoin, le priait de voutoir bien de

1454 760 351 62 decbt fo 1

425 738 2343 198 charger ; au dit Jour, de lixxéantion de mis dermières.

418 933 528 106 ve lontési et

1006 816 1846 194 pour raisosn dis pesnés et Soins qu'il voudra

1111 968 286 69 0et

422 936 2386 220 bien pren dte dans mes affaire  se le prie da gréer un

415 1050 2301 204 diamant., ou à don choi, Cinquante Piastres effactivir

607 1149 2245 193 telles Pont les intentions et dersieres, ve lontes intérésan

411 1245 2446 223 present ; testament de la ditte Citoyemise marie Digazen,

402 1342 2429 226 nommes et ecritea fus et miluret que la ditte Citoyenne.

396 1459 2468 210 marie Bigaisson les à dictees audit notaire, en presénce dis

411 1553 2471 215 tgensoine cey après rnomme lesquelles lsiant ete luis et reluis, un met

400 1630 2504 248 à près Vautre, a haute et intelligbble vox, Par Sean Baptitte gardin

403 1728 2463 241 Notaise Soustigne ; et en présence des dit, temoine la quelle ditte On

402 1833 2513 234 Marie Bigaigon à dit bien entendre ne voutoir ep a jouter, ni diminues

406 1950 2461 206 et quelle p persiste. fait et passé en Mévit à la requisition

381 2028 2479 234 de la ditte testatrice, auf plaiiies de Nilhinit , Jsle de Fransce sun

385 2156 2492 210 la ditte habitation du Citoyen Jean Baptiste Nigaigon, on de ne

378 2258 2417 211 suit exprés hansporté, à la requisitioin de laditte. Citoyenne Marie

1588 2344 1242 130 dre moit de mestidor. Lan Siscieme de
