2479 3358
9 151 110 56 et

1 264 101 45 eiu

0 550 63 50 de

507 115 1968 129 a lautre et au diervisant des denx ce accepté cispectivamant par le diu survisant

511 223 1921 112 de tout les bieur meubles, inmeubles, acquêtt, conquêtt et propres que le trouveront

507 311 1962 112 appartenir au predecede au gour de don deces, pour par le dit burvivant en jour

511 404 1090 82 en toute propriêté à compter du dit predeces;

636 449 1822 134 Cette donnation naura lecuu toutefois que dans le cat ou au quer du dit prédéce,

526 542 1941 105 les enfant ce desant reconnes serorent décedet, ou Vil ny avoit auecent enfauts nes ou

524 634 1949 99 a nactres du dit futer mariage s'il y en avoit et quils venssent entuite à daceder en

532 705 1939 99 omarité ou en majoiié, sant avoir valablemant disporé de leurs bieus la ditte donnation

528 772 1534 125 auroit toute sa force et verte comme sil uy avert port en d'enfant

1106 874 187 90 Art. 11.

556 923 1857 144 Pour fauire inticer ce presentes ou besoir sera fest donné tout povoinr au porteur na

1092 1022 1366 117 Euregistré par mos Etienne toisiiathre husson greffier du tribeunal

1090 1106 1379 106 cesd de lista de France doussigue bur une expedition dcdit contrat de

1093 1184 738 95 mariage à mii presenté à cet effat.

1190 1227 1275 129 au port icord onest dole de pance le quatoire ftoréal au Siseme

1101 1317 872 97 de la repabligne francaie une et indiibible

1922 1373 248 89 Busson

2017 1447 84 121 8

343 1527 310 103 testament.

427 1619 114 97 de

840 1554 1594 132 Pardavant le notaire public à lisle de france donsicilié ae canton

349 1688 233 142 féliné

589 1645 1854 134 des parpleumonsser, assisté des témoins ci apres Nommés et boussignes fut preseu

595 1714 1855 145 citoyen Etienna feline habisant au piton canton des pamplemouoses domicilie sue

586 1802 1861 126 boir habitation dituée audit lieu du piton ou la dit notaire et témoins seq sont

599 1873 1838 126 vedut à sa requibition lequel et ant dans soir lit malade de copé mais soin

593 1945 1844 123 d'esprit memoise et entendemant aensi qu'il est apparu au dit notaire et tamoiie

442 2059 86 80 3

593 2011 1833 123 d fuit dreté et nomme au dit notaire et témoins a fait dicté et nommé au

433 2068 1937 142 noar dt notaire son testament et ordonnance de derniere volonté ainsi qu'il suit.

750 2147 1671 119 vent et entend le testateur que ses dettet sil en exibte apres sa mont

601 2210 1831 142 soitent acquittées avant toutes autres disposition par ses excanteurs testamentaiies

593 2326 433 95 ci apaet nomives

686 2328 1759 160 veut et enteur le testateur que la nommee soptoie indienne agér

619 2397 1798 188 denveron vingt deux aus e ses denx enfants lieu nom me Charlet agé

610 2479 1812 170 de sept aus et l'autre Pierrt age de deur ais tont treit set coclaves siient

614 2557 1747 164 decarés libres et affranchois aussitat aprés sa mort et ce pour les bons

455 2630 1964 166 abte pervices, que la ditte sophie lui a rendut zus qu'a ce jour et quelle

492 2727 1923 151 Lan continie a lui rendre vontant que les frait nécessaires pour les dit

539 2807 1882 146 àaffranchistements soient preleves sur la surcission ainsi que la somme

630 2913 967 116 fécae par la loi pour etragne affaancii.

756 2971 1666 120 vent et entend le testataut que moitéé de sa scrsssion a quelle som en

509 3094 93 81 3

623 3081 1777 103 elle puisse moutear asienué et appartieune à zosepte falie son rave

1 1255 157 77 Sart,

5 1600 149 65 à

0 2520 222 89 et de

0 2835 246 116 et pour elle

1 3057 206 90 portent
