2479 2525
513 1 1810 94 icelles, pour lexé cution desquelle sile nomme et institut le

514 61 1847 105 Citoyen audré Gui Motel Sonvoisin, dans lequel il etateli

512 136 1808 133 Sa Confiance le préant en; consequence de faite acceptation

514 232 1805 120 se desaissant à cet effet en ses mains, de tous ses bient

505 303 1872 148 conformement à la contuise et aux reglements pour par lui

507 399 1810 131 au dit cas de son decet an faize les remites et Emplois sur

509 554 341 75 indique.

625 559 1738 152 de fut ainsi dait et dicté par ledit Réné Guidon aux

514 659 1736 139 Demoins et notaize sus dits et Par ce dezseer lie et

509 751 1782 128 relui un mot après l'autre et bien distinctement au dit

499 833 1848 140 testateur, qui a dit et dé clazé bien entendidet coprendre

499 904 1846 145 le contenie au présent son testament, dans le que lil sersiste

496 991 1860 148 Comme reufermant ei fouts Voiits ses volonté aux quelles il

496 1078 1893 138 ne veut rien changer ny dimineur, réquetant acte a lui décessé

486 1171 1800 126 du pretent fait en un Secel Brevett de sa Régnisition

486 1251 1812 141 Eoepresse Sur Chabitation de la ditte veuve Antoine au

495 1320 1843 147 Canton de la fraternité Jsle de france les Jous moit et an

486 1398 1826 160 Susdit et ont les temoins Denomines Signés avec nous notaire

493 1468 1820 169 non ledit quedon qui à de clare ne le pouvoirs attondu son

486 1550 1841 176 grand état de foiblesse, de ce enquii suivant lordonanc

486 1638 1817 164 aprés lectuse reiterée. Signé Le dore Muzey La marze et

479 1729 1831 167 Doussaint notaire, ensuite estécrit Controlé aus Vort 0.

416 1796 1907 204 Jsle de France le vingt hois thermidor au Ge véar mille lir res

485 1916 1723 158 Sigué Sozvier Vlus Bat estecrit Collationmé Signe

471 2039 687 135 B oussam tJ^te reffier /.

902 2062 1421 141 Enmegistre par moi Etieune hireelle hufson Eeffier du hibrnal

897 2142 1447 123 cioil de Chle de France soanigué lui mi expedetean du du testame

902 2220 1384 122 depor au guffe de la pestece des faix d lescntor de la fraterivte

910 2293 1458 118 Ansort du nod dient Jsle de france le posser Rcilidur au Sexne

910 2384 588 97 de la Reple fa uun Jn

1532 2384 178 87 Busson

43 1746 8 62 1

140 2111 36 74 8

134 2226 27 158 4
