2109 2440
381 1 1430 93 fixé bet dernieres volontér a fait et dicte son testatsent ainsi qu'il suit

446 43 1654 125 Je fais et notitue pour mon legataire naivertel dans tout mes biens et ducit

2069 112 12 37 2

1632 97 179 52 II 1214

1554 109 35 50 19

396 134 1706 105 Fancois ary ritoges de couleur, je le nomme aussi pour mon Exécuteur, testamentair

385 215 1452 79 ma dessaisissant à cet effet de tout mes liens suivant la contume.

1810 257 113 37 45

1626 262 82 36 420

397 291 24 38 4

526 279 1517 103 t resoque tous testamants et codiciles que ge pourrois avoir faits avant cet

419 356 1661 77 prebriites aunquelles seules ze marsite comme contenant met dernières dispositions

82 412 246 81 une expedition

461 414 1639 102 de present testament a été lu et relu a la testatrice laquelle a declaré y persevir

1654 486 156 63 2

482 511 1622 75 fait et passé aua plaines saint pierre cauton de la riviere noire dans le par

122 527 130 70 1

1638 580 27 40 61

390 588 1712 78 dusdesique dépendant de lhabitation de francait Ary au le notaire soussigné l'est cap

391 643 1709 90 pransporté le dia naut floséal au tiaaise de la republiqué sur les dix heures du mn

408 719 1657 82 en presence de icolas Manjean et de jean narie frictort habitant de ca atutoin

1283 784 813 83 signes avec la dit notaire à lexcy

416 779 845 81 pour ee neques et ont les susnoinmés

927 822 84 59 p

1170 826 391 64 e Fai u

420 868 1680 86 de la testatriie, laquelle à declaré ne savoir ecrnre n signer de ce interpelle

423 954 1668 74 suivant lordonnance en margé eot ecrit controlle au port nord outot

431 1024 1665 94 dole de France le vingt nent floséal de siaieuse de la republique recu

435 1110 1667 76 mille levres Signé serviea leetont demeure en la posiission de rore notai

438 1180 797 69 Sonsoigné ligué Roze it

484 1225 1615 80 cu oe ais dt 2 a Enregistre par ma Etieuse loacustloe husoi

1055 1286 987 85 greffier du tribunal cevil de lisle de France

534 1324 366 57 4 ave 4 3

1041 1367 982 69 dousique sur l'ain il dudit testanment ce moi

760 1397 117 54 à

977 1407 113 48 d

1052 1447 454 80 paisenté à eet effet.

1154 1508 944 80 au port nord ocest dsle defrance le doure

1057 1600 1046 86 prairial cen Viasine de la republigne française unet

93 1621 286 92 testament

1638 1683 211 69 Busson

169 1694 71 80 de

147 1760 116 46 Don

1951 1769 29 54 4

512 1778 58 62 3

100 1775 304 91 michelle Radet

145 1846 88 51 2473

477 1905 976 114 Pon devant nout Angustin Jouquesance notaire publie

1476 1941 585 103 a lisle de Francie sonsigné et

360 1983 791 96 preseure des temoins cq apres nommer

520 2060 834 131 dut presente le citoyenne unétsalla marand

1523 2095 21 41 3

1585 2075 80 72 354

634 2139 128 51 de

1358 2132 691 107 veuve dolisie Radon, vevant capité

368 2151 1731 165 vaitaant de cmmeson, dende cnte en cette Jole au poit nord oncet dans une uaisa

1170 2159 15 50 4

367 2236 865 105 appartenante au cctoyee le dcloiagin

452 2281 33 54 d

1261 2288 842 103 lue dur le ruibseae des pucalles, etant de

1098 2345 38 47 3

1165 2335 32 53 d
