2492 2479
424 85 15 55 3

571 2 1053 106 Sun ur lit à mainn dtoit en entaion

557 17 1751 173 étant attageué de las memaie sain duprit, mémoire

553 177 11 52 4

290 106 2010 196 et a i dugement et entendersent ainsi quil est apparis auy

568 179 1727 203 notaite et tenmonns sus dits daprès questions à, lui

425 367 55 81 30

546 371 35 87 4

573 363 734 124 faites et Ses répouses

1311 279 990 139 à icelles omait dans lavie de

570 388 1752 179 la mort de la qu'elle il éraint d'Ete surpris Sans¬

564 482 1764 187 avoir mil ordre à det affaire cet fait coniaitre ses

556 578 1766 184 dispositions derssièzenons àdit et déclarés que le

559 698 1737 146 but de Vinvitatios par lui à nonm faite de nuna

2011 762 106 64 30

559 802 1730 163 bransporter etait, de ccont réquérir comme de fait

1546 928 49 51 320

314 968 115 84 32

562 961 1048 99 ile nons requier delales recevoir

1629 911 659 95 Sons Sa dictée, ce a

2022 995 268 75 haces

560 1028 1452 137 quoi obtemperant nont les avons recue et

1191 1122 81 56 32

560 1167 486 84 Comme Duit.

703 1203 1619 149 Pemiezement déclaze ledit René Guidin ne

570 1319 1789 121 Vien devoir, et quasant precadeniment; vendeu la majeure

559 1400 1773 128 parties de Set piens à la nomme Veronigne. Veuve

553 1480 1823 142 Antoine, Chez Laquelle Dreside à bitre de Vensionaie

551 1570 1818 148 ils out Réglés leuz Comptes en Compensationn de la.

555 1670 1760 134 rente ansicelle et viageze en fonnant le pris et en

349 1755 1970 149 aijant arrété la balance il lui autait donné dé chargé

551 1853 1829 132 du dernier Termet eschû le vingt dept Messidi

537 1948 1831 146 dezuier, duivant acte au rapport du notaire Soussigne

549 2032 1762 142 en datte des quatorze du Coutant de maniire quels ne

538 2151 1294 109 Se redivait. lien Just qu'a Cette epeque.

2175 2191 168 41 124

2318 2151 43 45 2

2359 2178 14 48 1

670 2225 1513 121 Déclare ledit Quidon qu'il eguore dil a du bus

542 2346 121 66 3

702 2326 80 86 47

909 2323 107 78 15

1552 2306 244 87 MM

2182 2389 107 48 A 1

111 2032 41 65 8

136 2164 10 39 4

100 2182 54 71 de
