3058 2479
432 181 2510 170 Mortel doit fravailler comme st cetoit son heure derniers

612 294 2280 174 Cest pourquoi ne voutant point être Surprit je veri

450 432 2278 150 que mes derniares volontes cy a prês Soient Exéaites

610 605 2332 153 l a nouimée Rosine que Sai affranschir dans le mon

451 712 2518 190 de Jus mil jept Cint quatre vingt quatorte reconnoit

453 852 2454 194 par Jon acte de liberte avoir rocu trois mille livres

442 958 2471 211 qu'ille ma laisse pour les Jaire valoir ainsé que trois autres

433 1090 2408 211 mille livzes quelle avoit annatteer de so eparqua

432 1236 2535 163 Comme le malheir ma tou joure poursuir i et qu'au lieir

447 1379 2493 145 de gagner lai vengenz de peute, et qui Jede seroit. fache

446 1523 2483 155 que Cette fille, qui ma toupours été tres attachée, on

462 1721 525 105 fut victiise

1045 1651 1873 143 se veux et entend que le nommé libios de

450 1804 2532 147 Caste indrenne et qui mavoit forr Sus qua ce moment

451 1926 2488 146 de domestique lui appartienne, dit ce mosent et fans

443 2103 2496 140 que qui que ce doit puisse lui contester, ainsé Qol.

471 2222 2450 149 Varmoize du dont renferimie mis harder et les

911 2363 1992 114 la table qui est Dans ma chani bre; ls
