2539 2446
834 1 1199 90 tribunal cevil da Pesta de france soussigne

839 57 1649 125 capadition dudit contrat de mariage a moi preseitre a et effe

1077 182 26 43 1

1049 184 1434 89 au port; nord, ou est Jsla deFrance le six Frairsal

859 271 1602 112 au tiaieme de la republigne francaise, una et indivisible

1693 380 286 103 Bisson.

31 508 330 74 lestament

284 601 82 66 En 2

360 572 2068 103 Pardvant L Notaire publie al'Ili de France et les témoin i aprèi nommée, soussignés

141 568 106 116 de

602 635 21 41 4

675 635 76 47 & 71

368 661 2115 91 fuet pasent le cet fanceis Jahue archer de marine natif dest Guett aveché de Rcons

1204 659 65 54 de

61 672 323 116 rancors fatér

581 714 106 55 A DI9

373 733 2093 108 sils de Bomt Jalu lsde Chartotte bosir ; Requel étant dane son let Nunerie

1194 737 538 57 a ilaoor qas abt ilo

388 824 2062 101 vingt de la falle st ncolai de Thopital du Cantien Et poit nord vüist Jsle de France

789 892 438 61 52484 251 d1id e

388 914 2070 111 Mmalade de coyes, maie neammoins fain despui menmoire et entendement afale

1245 899 489 50 307i 8 74 aI 2 ale

394 1001 2077 121 dut &nommé le present son testament Lordonnance de de miein volonté quil rneur

1019 990 482 49 d voV lu lr one le

409 1084 1703 126 et revtend étie executé apréc sa moit de la maniere hainsi quil suit

1152 1076 160 55 49me

559 1189 1899 104 vent et entend que dans le cat de son deces Ca nonomirt Jeanse Francoise

410 1251 2075 133 fille de la nomemce geanne ; soit affranchie de toute servitude la ditte Jeanne

973 1242 706 51 polain vsibf lun m ant. vi

411 1334 1634 111 françoise docnsensanté chet leui testateur depuit enviroin bisi aus

1145 1331 181 40 32254fbo

1427 1342 330 52 Ma. 6 lt 149

407 1426 2053 125 la ditte jeanne jaancoisé ne boit point la charge a la cotoine le testatine lui

1678 1441 64 46 4241

2090 1413 375 73 et potir que

413 1509 2056 121 donne et Seque tous les biens qui lui appartiendront et cette dole au zour de

69 1570 311 89 de Vispital, au

1292 1572 67 51 354

405 1596 1178 87 din decet pour en puisen toute propersité

66 1646 328 71 aoyeé geain

1601 1611 223 65 14T1251

776 1661 142 57 ds voll

2101 1667 79 71 F.

65 1702 345 86 Baptiole Lébrage,

441 1686 2000 128 et pour exceutir le prisiiit testaineent le testateur a atoisi et joimmé

2173 1732 65 45 14

63 1765 1977 112 enéter de narise la persoinite die titoynt Laurant haunsontarcher de marine

66 1818 329 89 drnisant au cette

2074 1830 271 61 aintre lid

80 1875 199 88 ville rue

434 1861 1796 114 nains duquel ; dse dibsaibit de teut bes biens, suivant la contrume.

2093 1877 96 56 det

1856 1947 33 39 32

1939 1952 40 51 34

614 1963 1833 135 Ce fat asis fait et dicté par la dit testateur et pierre yuès Bale;

2065 1967 155 63 3rA7I.

372 2051 1072 94 Austaire publit demeceraintren cetté ville

1485 2096 373 80 rce la tioyale

1872 2118 589 91 el au cit vement jur

456 2122 1442 131 Pavitant en cette dile au lieu dit le mvier des callabasser

2051 2181 73 47 28

2143 2171 18 75 1

1961 2210 514 67 tausoins pour et.

471 2223 1202 102 requis et cxprés appelles en présencé desquels

905 2274 58 57 44

1692 2269 553 99 Sa prèsent testament

468 2311 1092 92 eté lu at reliu un mit apres lantre audit

2271 2301 168 94 ayant

951 2368 58 60 2

1571 2341 243 87 testateur

1848 2365 42 74 et

1911 2409 35 35 e
