2758 2479
629 4 1947 106 Ce fut imir fuit, dicté et nomme par le testatent audit notuire ,; et apres

112 52 85 81 7

442 86 2134 104 e, que le present son testrment lui a eté la et relû, un mot lun apres leutre;

451 166 62 68 1

519 166 2059 108 puesence des citoyent Siate Brenet et Jean perce Barbiee demeurant tous deus

533 249 2052 106 au susdit lien de hant de la risiere du cempart voidins et tenoins a ct requis et

533 312 2034 139 appellés, la dit testateur a declare l'avoir bien entendu y persister et vonloiurqé il

527 410 2045 113 soit cacoute comme contenant son iitention et ordonnaina de de iiere volonte.

643 501 1909 114 eait et passé doubla, selon lede; en la ctoenabre du testataur maibon et

534 583 2058 134 habitatien dusdittes, le paunier praiiiat de l'an bis de la republique francaise nüe

523 674 2046 122 et endisisibla sept heures du sour et a le testatair avec les temoins sudenenies

531 783 2049 112 digue et paraphe par recto et vervo ceux mnuttes des presentes, dont une

530 870 2036 132 pour etre envoyes au beseau des chartres des cclonies, tantre controlee au port

519 959 2040 137 nord onest le quatre suivant pai terrier qui à marque recu mille livres, ette

522 1056 1705 151 demcurae au pouroir de Batleau notaire toussigne signe Batteau.

1113 1176 1428 104 Euregiatre par moietienne lia cintre housoon quefficer du

1139 1235 1401 129 ribunal civil de lisle de France donsagne lur une eapediteon

1117 1300 1063 122 dudit testansent à moi presenté à cit effat

1205 1395 1361 100 au port nord ouist Jsle de France la deus ternudon

1107 1447 1429 127 au bixenie de la republique fuunaaise uné et indivisible.

2062 1585 260 78 Busson

198 1736 486 97 3. Eberminor anCᵉ

2179 1762 143 46 d

661 1794 1990 112 Pardevans le Notaire Suble es lede temoins Soussignes, fus Present Guillau

194 1868 2462 82 Destament Suity Nouche Cestommer demeurant rue dearsde dans une Maison du Citssest Martin

184 1918 1498 77 de Guitla ume Sait e celse Vicle ex Canten du port nord ounst

735 1966 1879 64 Leagiuel étans Sur son lia malaive le ja mais sain despis mimoise en

657 2010 1989 75 entendemiis a fois et dicté le predins re. Testamone cau du notaire en presence des

665 2064 642 72 dits temoins, ainsi quil fois

737 2112 914 92 Pemerement, Je Sonne la liert

1748 2111 876 99 mme Pierse Jndien Cordomer, age

31 1147 106 113 1est

30 1319 107 111 3er

33 1437 97 73 1114
