3508 2421
2306 1 719 75 jorendad la fariie et

433 1 165 71 dan aat

703 1 179 109 et 2e9

916 6 165 77 avoit

3060 4 195 83 vertre

1112 29 701 88 point eu denjants.

3319 47 39 47 3

628 110 43 51 1

714 100 1892 150 pour faire enregistrer et insiner les presenter Let

1186 228 2184 133 Ainggistre par moi Etieune hacenthoe husson qaeffier du trit unal

1170 329 2164 145 civit de lisla de faance toussigne sur une expédition du dit contrat

1164 441 1306 126 de mariage a moi prrsenté à cet effet.

1276 555 1913 139 au port nord oueot dsle de France le trecie germmal du

1154 642 1743 128 sixicme de la republique francaise une et indivibible.

2753 755 234 95 Busson

40 871 420 104 testament

573 919 2651 191 Pardevant nons francois De lisle notaire public en la colonie de liste de

150 985 127 108 de

433 1036 1672 128 france et les temoins ce papres nommes soussignes.

51 1080 376 108 hernard

613 1148 2605 187 et present citoyen Bermard marsuet tiermoinine tosouse pentre des attelliers

40 1201 331 99 Iarouêt

384 1256 2774 161 de letat resident en la naison ruée de laxsenal à la chutte de la petite

395 1361 2191 149 montagt de la ville du pont nord ouet de la ditte dole de France

552 1472 2621 175 Sequel tavuve en sa ditte maison ou parslon ctuché bur don lit malade

391 1560 2736 200 de corps mais suin desyenit memoire zugement et entendenment ainsi qu'il est

377 1683 2761 183 appariit aua dit notaire et temoins a nomme et dicté son testantant ainsi qu'il suit

521 1778 1550 139 Declare le testateur que ses bient en atte dot

2189 1870 501 115 redistent en l

2711 1897 366 72 aison et

383 1887 1716 146 terrens qu'il occupe, en don mobilier, en uu bitte

2169 1967 336 102 de Castalin

2639 2004 441 90 uine de trente

386 2012 667 106 prsoines, payable

1081 2018 324 105 volonte

1437 2056 934 109 en quiure piastres et une

2601 2122 464 87 en Argent unt

384 2121 608 102 porteiquaise et

1120 2111 281 89 ducatons

1433 2143 744 99 en or, et quel quargent

2205 2173 790 110 en pepier, onnoie

3268 661 35 39 2
