2483 2767
393 7 2050 135 temoins à a requie et transportés, eot Comparie Jacques

407 127 1979 152 Bréton maaon tailleur de Pivired Nisident sus dite

405 296 1938 132 Canton, fies maseur de deffant Dsie Bréton et

407 428 1989 139 de Marthe Boyer Ses pere et mere, n'itif die

398 594 1977 110 l'ieudit Charteau du loir, en lait ci Devant province

396 731 1970 117 du maine ; lequel trouvée Dans une Case un

401 870 1968 98 Pallissade Converte ete Paitle, gissant Sur uné

395 1025 1946 100 Banquette, etant attagnés de fare; mais Jair

412 1165 1995 110 DEpprit, memoire, dugement et entendement, ainsi,

399 1278 2004 123 quil est apoparie ause notaires et témoin susdit,

402 1397 1968 147 d'après questions a lui faite et ses repousés à

392 1527 2026 131 icelles jal. dans Laviii de lamort de la quille il

388 1655 2016 145 Crant ditre jurpres Sans avoir, fait Conoitre ses

390 1806 1966 126 dispositions de demieres et livres Volonte, à dit

395 1923 2000 150 que le motift de l'uivitataire de notre transport, leu dait

388 2078 1984 127 à nonm requerir Comme de fait il noum réquerarait

390 2235 1977 112 de leg récevoir fous ja dictie, et Var sonne de

362 2368 1904 126 testament, dans la fonie Reseittes, ce à quoi
