2404 3513
343 5 2043 153 par tervier qui a recu mille livaes eot demeuré en la possession de Deliste

343 93 1951 162 leunr des notaire sonssignés qui a deliséé la presente eapedition, signt Delisle.

642 199 1742 124 Enregistré par moi Etienne hixiinthe touvon greffier du tribenal

642 296 1740 133 cisit de lisle de france toussignt bur une eaprdition du dit testatrent

652 427 742 99 à moi presenté à cet effet.

35 548 320 92 tament de

722 482 1654 144 au pont nonr ocest le dix rneut gerinval au dixienme de la rep. fa^te ind

1767 550 242 74 Buston

58 622 285 102 Vint Bris

492 661 35 72 6

105 767 176 89 basible

458 704 1918 135 Vardevant le notaire public à lisle de france et les temoins ce apres

343 800 1971 136 nommes boussignes fut present le citoyen daint Bris cheisgen de cette dsle

359 909 1986 119 demeurant canton des pamplemoisses, natif de Nevers de partement de

345 979 2019 147 la merre, fils du citoyen pierre taint Bris et de la ctoyenné Sinman, lequel

58 1073 2263 135 gabiielle Stant et vaquant à les affaires test exprés transporté en tetude de Balu

345 1163 1982 136 notaire toussigné, ou étant tain de compt desprit memoire et entendement

210 1176 53 129 5

330 1239 2031 175 ainsi qu'il cot apparie aux ditt notaires et temoins, dans la vue de la mort

335 1325 2018 189 craiguent den être presene avant davoir mis ondre à ses affaiset, il a fait et

335 1418 2000 176 dicté et nommé le present son testament et ordonnance de dercieres volontet,

318 1485 1806 207 quil veut être executét apres da mont de la maniere et ainsi qu'il sait.

431 1598 1914 183 Donne et Leque le testateur à la citoyenne Clarice agée d'environ trois aus

335 1676 2002 215 fille de la citoyenne sophie Brondon la somme de vingt mille livres, la piastre

326 1791 2021 189 a aaison de dise livres ctaame quil vent et entend lui être paye sur le plus

322 1873 2003 203 clair de ses biens, leusafreit de cette someve le leguant à la citoyenne sophie

320 1967 2017 197 Brondon Jul qua la majorité ou etablissement par maiinge de la ditte citoyenue

310 2066 2029 184 Carice et quand au seoplur de les biens le testiteur veut et entend qu'ils soient

310 2150 1349 135 envoyes à ses heritiers natusels dans l'ondre de la loi

503 2256 1836 164 Et pour exécuter le present testansent le testateur a choibie et nomme

312 2320 1996 187 la pertonné de la citoyenne sophie Brondon entre les mains de laquelle il

308 2423 1164 110 de destaitit de tous les biens suivant la loi¬

449 2503 1890 178 Ce fut ainsi fait dicté et nomné par le dit testateur a pierre yves Balu

298 2607 2018 138 notaire publie demeurant en cette ville rue de l'hipital au citoyen d'andabel

300 2689 2000 177 habitant de cette dile y demeurant port du nord ouest rue de betancon et au

296 2786 2016 188 citoyen pierre gellis demeurant en cette ville aux balines du citoyen Dagot

298 2878 1668 176 tmoins pour ce reques et caprés appellés, au puey ue desquels le

292 2941 1211 132 dyant été lu et aelu un mot apres l'autre a

287 3036 1544 149 persister et être les dernieres velontes, fait et passé en

1611 3017 86 86 dar

1796 3028 47 92 9

2054 2993 293 86 lestemant

292 3116 2028 192 requitition du lr, port du nond auest dile de Jrde tateude

1999 3091 289 80 3 1

2013 3153 301 73 dla
