2856 2446
2403 16 391 95 quatontrime

46 126 2755 141 ce fut ainse fait nonsiné et dicte par la testateur, a Jean Baptiste Bombare

67 262 2657 96 eit aù presence dis citoijens josept dupuet et Jean dauvau tout dend

69 375 901 77 taut pocsint du testateur

1034 362 1781 91 et témoins. à ce requis en presence desquels la dit

106 479 2669 117 sent ayant ete lal et relu un mot apres tantae par le dit notaire au

70 601 2709 73 testateur il a declare quil containait vérite ya persiste et na rian voule

566 561 28 40 5

853 548 717 75 N° 17I 6

44 739 240 64 an get

433 694 41 47 40

980 682 83 53 35

1124 691 11 40 4

1401 668 179 64 4

2718 668 37 57 8

138 790 2648 100 toit et passé sans dousle minitte au canton des pamplemonsses dole de

47 899 2755 112 esce en la maison du testateur lan seasema de la repoublique francaise la seire

65 1011 2748 120 minat quatre tocuret de relevie et à le testateur declare ne Lavoir signe, l

106 1115 2603 98 anques, suivant Vordonnance les temonis ont signe dvec nout notaire sus dit

84 1233 2747 104 icitte des presentet à'été controtlee au port nond ouest dsla de france te

82 1360 2642 95 et dia gurnnal au lia par bervier qui a recu mille livres laquelle cot

53 1470 2018 103 meurat au pouvoir du notaire sousigue signe Bombard.

481 1569 2317 102 enregistre par moi Etienne hiacinthe lousson greffiee du taibiuna

545 1665 2286 108 civil de liole de France soussiqué surs une expédition du dit testamen

632 1791 1033 96 à moi presente a cet effet

789 1890 1997 88 au port nord ouet le megt et ain dia necut ftores

1564 1858 223 67 7121

634 1981 2166 104 au sexienne; de la republique francase uve et inndivisible

1613 2108 14 40 1

1669 2104 46 41 3

1729 2102 77 64 11

1918 2047 386 114 Busson

81 2274 1701 121 Pundivant les notaines publci alosle de fran toussignes

1797 2293 954 109 fes prusent Joseph cousbon
