2479 2875
364 1 549 77 Eette Colone.

568 111 1877 130 de clare le dit Jacques Breton ignore le Dien que

353 236 2034 101 peut lui apparteuir en enrope, mais quavenant Son

343 316 2019 134 recis, il veut et enter quile Passent au touvoire et

349 431 2098 131 Proprieté Ee ses heritiere direet et, legitimes, dans Pidre

356 541 2107 156 dit Succestions les isistituanc en Conséquence Pour ses lépataire

365 728 786 100 univeidilcà touchant.

595 790 1783 144 Declare le testateur quareisant Son decés, il veud et

360 927 2018 136 entend que la nommée Marie negritse inndiene age

353 1047 2102 142 Deuvison Vingt trois an à lui appartenant, Soit et demeure

354 1170 2088 144 aussitôt affranchie de tout servitudes queleonques, et Ces

357 1304 2094 152 dans laviie de réconnoitre ses bous et ficlle pervice, lui

349 1443 2109 163 faisant en Consequence don it Leges de Ca liberte, ainsi que

362 1570 2080 156 du Nommée Ftancointnoir mozambigne Son Eeclave lait

359 1689 2024 165 dour sa Confoiner au reglement que Pour lui Procuer Le

367 1811 1979 150 mosen de Susloter honnitement Viant instamment Son

364 1937 2073 145 executeur testamentaire cep après nommés de faie toutes disique

364 2063 1821 149 necestaire Pour la ratificationn de Cette ditposition.

2228 2081 19 64 3

541 2180 1838 134 Declare, le testateur qu'il demeure Béanair des C

2359 2156 57 76 2

388 2296 2020 179 Laprave et Bonnemaison, dune Jomme d'enveron duin

380 2438 1985 162 Cente Piastre effectir, vour dar di sa Vertion des

399 2574 2032 155 traveaux en maconsie quil leur à fait de Compte

2086 2718 76 57 d
