3250 2479
635 154 2588 150 denvison vingt hoise ause prant moy executeur Cestamentaire Dobtenir la Donformation

619 225 2611 146 de sa liberte et de lui compter la somme de cuns mitle Divrese papiers monnoye, pour lui enster

618 338 846 105 dite a charge a la Poloie

801 337 2410 162 Setondement tous le Surpluse de mese Biense consistane en effits coclavede et

611 407 2592 153 Mare handisise Je ler d'onse an legue à la nommé Bigitte negrisse la singa mon affranchiu en

615 476 2603 139 rcounaissance Bede sevvicese ainduses quelle me cette de me donner, sur tous depeude ma ma ladre, pour

610 561 1590 112 par alles en Jouir en toute propriété à compter de mondicede.

655 589 2567 132 Ea pour execater le y résens mon testament Je chossiner momme le Ci Jean Suasits mon

611 644 2607 136 aini que Je proe sen prendre la peisse; me dessas issans a cen effer en sese mains de tous mele sense

604 761 551 70 Suivant la Costume

586 742 2622 143 Cefur ainsi fair et dicte mor à mor par ledit lessateur a Jeun Delin Nootaire Poblie

608 815 2575 133 roodon en cette visle soussigne en precence es assisté de Chislophe Maureau Bouchir en

603 875 2616 130 Pierve fingeie Taitleur d'habits deeurant Séparement Sule ditte Rin de Parise Femoin se expuu

602 933 2617 134 reginen appelles par le dis Testateur Soussignes au qu'el dis Vestateur le presens son Bestement

578 1002 2636 120 a ete lu ix relus un mon a prese Vantre a declaré bin Ventendie quily pevoiste en iveus icelui etre

578 1081 1480 95 exnisté aussiton son dicis, selon sa soinn en besseur

687 1107 2491 120 Son ca passe en une seule miutte à la requilihin du sra Crotateur Sur une hubl a

585 1174 2603 105 eaté de son lil ssa sanse une chambre à cote de sa Bonlque ayans vüi sur la ditte riüe

574 1236 2600 112 en presence desdits temoins en la ditte maison au Peut norde uese Jole de France Lun Sia

578 1324 2474 87 de sa République francaise uni et indivisible le cinqnieme jour de thesmiutr ce

566 1381 2622 117 a ouse heures et deme du maten Vale du Notaire testateur tigné aves les Rolliue

563 1469 2622 109 témois Vledit Notaire en la minutte des pusiutee de meurce au pouvair de Belin

555 1545 2627 106 Notaiie founigné ensmite de laquelle est resit controllé au Port Nord ouin Jledifiance

564 1616 2618 106 leouse thenidde au six recu mille le vrei iqui lervrei, tigné Belin avecparaptu

772 1695 2395 107 Enregistie par moi Etienne hiacusithie hiessors Greffice deu hibunal iens de

745 1772 2443 101 Ale defrance soussigne ue uistapadition dudit testament vréreutée

759 1855 2055 110 aut effet au sait, Nord diust Je de france le onze themudorr au Six

2844 1881 308 80 dusson

500 2012 2583 104 Aujourdhui douse thesnidon un seaieme de la Republique francaise

108 2173 422 98 renonuation

537 2138 642 93 ¬une londer enble

439 2258 22 54 4

261 2282 72 53 2

511 2211 2627 115 let comparu au guffe du hibnnal unis de lhle de France ce pardevan

90 2327 1155 117 Communaue mai Greffier soussigné

1784 2382 600 95 de JJean Bapliste

2470 27 555 76 tacute donsicume
