2483 2850
546 1 678 60 ire forte

554 22 1914 161 ecare ni fignés De ce euques vussant, l'ordonssot

546 125 1860 167 la minutte dit Présentes Risté en la Vassission de

565 243 1807 170 Balu l'un det notare joussigne sur Laquelle

536 386 1896 150 Minutte etocrit Controlé au Post Loui e J'sle di

552 498 1866 170 Bance le dis Cept mais mil Sept quatre Vinngt

546 615 1860 162 Tevuz V'an deux de la Réépoubli que francaise Signé

543 758 1829 142 Sesvier qui a margue Rige quarant Sols Ligié

528 858 1850 147 Balu Plus Mase ecrit Vû attendu que, la nommée

543 943 1844 154 Catherine à se lisfait auf formalité Prescuits, Lar le

528 1052 1932 152 Reglerent du D7 Ranvier omil, dept cent quatre Vingt dure

539 1151 1902 152 et quelle a de plus nequitté le droit frac var le susdit

532 1274 1863 113 réglement, de Regmert que le directoire arrété que le

530 1366 1862 98 drésent dera transcrite sur icelui de ses registre ic

535 1455 1756 93 destimé et quil soit eu dosite renduc, avec meution de

519 1559 1935 103 lenrégist rement, Pour dervir et valoir de litre de liberté a la

509 1648 1915 87 ditte Catherine, à la charge Vavelle de le faire enrégistres de

513 1719 1911 114 vouveau à la omicipalité du tun ou elle fait sa réndince

505 1827 1909 103 habituelle, Sort, L° le vingt et un duin mil sepet cett quatre

508 1914 1826 93 vingt treize Segné Diouf 1°q sidic à cote est ecrit

484 2009 1930 90 Avéeté Conforime au Con étationt du Procureur Je Suidie

506 2080 1875 112 Port 2ᵃ ce viingt et ni duni uil sept cent quatre vingt

508 2173 1897 110 Treize en marge estd ecrit deullé et appéor le Sréau

511 2294 1764 120 Peit Basestrent enrégistre au Régiétre de

520 2403 1761 130 Vasseumblée addeninistration Ouvert à cet effet fe
