3133 2479
566 352 1927 134 naloir ca accepte antant que faire se pent,

2506 312 560 113 tour la, ditt

574 468 1753 154 Chatenine Par les notaires don nigne

910 590 2030 137 d'une Sommé de milles Livrs qu'il Bomet et

586 691 2504 179 Soblige Remettre et vayer a la ditte Catherine a sa volonteet

574 783 2476 222 Freumière Requisition, 2^° d'unes Case Ce Migt Juvs de louz

2508 907 575 106 Joloaux enterte

570 964 1903 157 dur douze ce large Constuit en Charpente

560 1028 2380 208 Couverte an Barde aux et bordéé en Plancha, d^° d'un

567 1154 2429 203 dasillion de même Coustraction ayant quatoite Pedt de

569 1264 2382 233 touq, sur doure de large Mᵉ d'une mauvaice Cecitine n

557 1390 2447 213 Laclissude ayant quuite sudt de tong sur donte de

589 1655 216 84 farde

899 1470 2152 214 le tout Situl sur un terient non Conadé sui  audi

580 1585 2471 260 zuu de la gvaude Riviere, ice lui entoure d'un mur en Pierre

2693 1693 349 100 Bourbou

580 1724 2103 226 siches. d dun moir nomme nstache Créol de

597 1980 131 129 ge

786 1805 2278 236 deuvirou quint san dan et a lent vour que la ditte

1018 2057 237 94 Jour

1337 1908 1703 200 faire, et ditposer en toute Vrapriété de laditte

564 2085 440 133 Ca lherime,

563 2024 2465 285 somme Ce mille livres et Jouir an aoufruit davic durante ce

2670 2156 316 110 Detare

570 2188 2055 230 Batimaite Cef dissus Désignés, ainsi que cu dit

3039 2294 48 110 5

1098 2382 516 95 Biqueur fe

1649 2277 1347 160 Reserrt La Propricte aprés le deces

2376 11 699 106 Anquante troisieme
