3508 2246
601 118 2810 90 recu par las notaires soussiqnés ce jourdhoiüe trécie germonsat du lan benence

441 220 33 63 1

569 245 2837 98 de la republique francaite une et indivisible tigne jean maisonnave et Delisle

549 368 149 64 0

582 491 2812 137 eet des autaés parts transerit controte, le trèire Jerninal de lan haseime

727 376 2656 104 ilett ainsi au dit brevet de l'acte de son depot dont le tout aedessus

2392 345 116 60 8.

532 602 2866 172 par tervier qui arecu mitle livres est demeure en la potsession de De liste

549 748 2713 165 luis des notaire dousignes que a de livre la presente capedition, signe Déliste.

957 853 2438 180 Enregistre par moi Eenne hidenithe touss on grefficr du taibenal

952 985 2424 169 cevit de teste de france toussigne bur une expedition du dit testatient

958 1108 991 98 a moi presenté à cet effet.

1047 1219 2155 209 au port nond auest le dix neut garemnal au sixiainie de la repé fa

24 1282 511 108 estansent de

29 1370 483 149 Saiit Bris

2538 1403 313 85 Büsson

3253 1342 127 92 end

74 1572 346 128 qabsille

676 1492 1935 190 Vardevant te notatre public à lisle de faance et tes

505 1624 1645 127 nontmet dousbignes fut, parsent le citoyen sain

2626 1642 732 91 temoins ce apras

509 1743 1446 134 7 demeurant canton det pamplemousses

2193 1701 165 99 Bnis

504 1849 1567 147 la meire, fits du citoyen pierre toint Bris

1992 1811 178 124 natif

2378 1741 355 111 cheierge

2669 1699 69 39 144

2246 1851 367 117 de Revers

2794 1759 478 120 de catte Isle

63 1987 371 108 gabielle

499 1955 1585 166 aflant et vaquant à ses affaires test exprès

2099 1951 81 69 24

2201 1934 1133 224 de la itoyenne denman, lequel

2631 1884 671 129 departement de

489 2076 1404 156 notaire doussipue ou etant sain de corps

2122 2055 413 141 transporte

497 2186 118 58 dme

1956 2147 93 96 de

2598 2114 318 130 en tetred

3468 1689 33 60 1

3473 1904 30 45 8
