2856 2446
145 1 329 53 de lrorpital au

2314 1 427 54 die lu. Jout de

123 33 332 77 atoyen Jean

519 8 230 68 Jon deces

802 47 977 86 pour en peur en toute propoisete.

122 97 389 110 Baptisse Libarge,

2373 61 27 74 1

122 201 2581 121 cor de marse la persoinne du Citoyen Laurant haumont archer de marinse entre les

549 148 24 55 3

736 125 1986 108 Et pour exceuter le prisent testament la testateur a choisi et nomme

119 229 366 109 emeusant eu celle

131 294 227 89 ville rue

534 309 1960 129 mains duquel, il se dessaisit de tout ses biens, duivant la contsunt.

776 422 1961 140 E fat ainsi fait et dicté par la dit testateur et pierre yes Balie

512 516 2236 132 notaire joublie demccerant en aette ville rue nationalo et au cit vement le

545 615 2217 124 pavitant en cette dite au lieu dit la riviere des callebasses temoins pour ce

526 718 2219 128 requit et capres appellés, en presence desquels, se present testament ayant

564 797 2200 169 été lu at releu uu mot apres Cautre audit testateur il a declare y persiste

553 914 2202 121 et être ses dernieres volonies, fait et passe en brevet à la requitition du

553 996 223 65 testateur

799 1020 1948 139 port du nond ouet dele de trance a cote de bon tet le quartidi

554 1091 2216 145 de la prennese decsde de prairial, de lan sia de la republique francaise une

543 1184 2206 140 et endivibible apres la septieme heure du gour et les temoins oit Signe, avec

550 1259 2190 152 le actaire non le testateur qui au decare ne tavoir rériré ri signer de ce enquis

560 1357 2149 150 deques vinment, librrge et Balu. Contritté au pont noid auest dole de france

555 1445 1919 142 le nent praisial au siaienye recce mille livres signe marchandite.

974 1535 1759 162 Eure giotre par mai Etieuve toseienthre tusson greffier du

980 1622 1779 169 tribunal civil de lisle de france, soussqué sur lorignsal deudit

985 1724 1067 113 tastain ent a moi presente in cet affet

1136 1815 1597 148 au port nord ouest dole de Jaance le doure meirial au

981 1894 1521 174 Siaieme de la republiqnue française ane et edivisible

2308 2049 322 102 J Banom

1764 2319 65 83 2
