2479 3150
448 1 1393 84 Chaterine Por les notaire doussigne.

637 82 1677 117 V d'une Dommes de mille Livri quil Bomet et

453 178 1962 107 Soblige Demettre et darjer à la ditte Catheriné a la volonte et

444 250 1950 140 Preniere Requisition, 8^° d'unes Case ce Migt suvsde loug

444 355 1968 133 dur couze de large construit eni Charpente Joloaux en tet

428 451 1896 131 Couverte ac Barde aus et bordée en Planche. d° dun

437 540 1926 147 dasilsion de même Coustruction ayant quatorte feds et

432 626 1905 166 touq sur douze de large Mᵉ dune mauvaire Cuisine en

407 735 1979 150 Paclisnade ayant quinze Peds de Long sur vinte de

432 796 1976 196 farge, le tout Situl sur un terieni non Conedé sei audi

430 883 1985 207 Vieu de la gvan de Riviert, ice lui entairé d'un mur en Pierre

435 978 1977 194 Siches. d° dun moir nommé us tache Créol de Bourbon

428 1069 1993 208 ttige deuviron quint san San ila laute, vour que la ditte

423 1142 1989 238 Catherine, Jouir, faire, et Disposer en toute Frapriété de laditte

423 1247 1985 205 domme de mille Livrier et Jouir en usifruil Savic durante ce

423 1377 1968 189 Batimite Af disss Disignés, ainsi que Cu dit Vetare

428 1466 1963 205 dont le dit Bignent se Reserrs la Propristé apes le deces

423 1575 1954 162 Ce las ditte Catherime de laquelle, d^e Propreité le dit Bignenet

423 1646 1891 174 fait donnation Pure et dimple erevift et erre vocabie eu e

2422 1765 48 90 34

430 1750 1950 159 satteur forme que Donnatione Puine valois a la nommée

2424 1856 44 60 Ce

413 1832 1974 192 marie ne Gresse Trisle Sibre Restdente avie ledit, Biqnet

421 1946 1970 159 au dit Cantoir de la grande risiére ce accepte Pour le ditte

2417 2108 23 74 1

416 2026 1970 200 Marie, autant qui faire ca peutt Par les notaires seussignés

421 2140 1959 189 sosr var la ditte marie et ces aijant Caure faire et disposu

414 2238 1958 187 aprèi le décèe et la ditte Cathirne des dite Batineite et

2412 2430 47 62 de

409 2336 1977 201 esslavec Comme de Chose lui appartenantd en toute Propriét au

2417 2509 53 100 Pran

185 2567 89 93 3

404 2490 1113 170 mayen dr la Préseut donations.

2412 2640 58 58 3us

574 2549 1791 202 Les Présentes Donations et mamnission ansij faite et Ousnti

393 2646 1979 224 Pour les cauve ciy devant seduites et en outrd larci que llle ent

2202 2840 133 138 Lard

392 2768 1953 208 Virteution du donnateur qui Pour lerécation at Pesents à

1680 3003 96 59 4

1848 2997 60 76 4

579 2903 1588 177 Domioile au sa demeure Sus dite, au quel,

402 3029 131 65 Du
