2479 2850
348 33 2054 109 present  testament de la ditte Citozenne marie Digazer,

942 1 1441 63 resintenhont et derineres ve lonte sintereban

335 117 2042 120 nommes et ecrites  à fus et nmctares que la ditte citogenne.

331 207 2071 112 marie Bigainon les à dictées au dit notaire, en presénce dit

338 297 2077 90 ténmoins cay après nommé, lesquelles luiant été luis et reluis, un met

332 365 2096 102 à près Vantrd., à hautd et intelligibé voiy, var dean Baptit deyarde

337 451 2073 103 Notaize Soustigné ; et en présence des dits, témoins la quelle ditte one

329 538 2105 87 Marie Bigaigon à dit bier entendre ne voutoir ep a jouter, ni diminut

342 611 2070 99 et quille p persiste fait et passé en Mevit à la requitition

326 690 2083 122 de la dette testatrice, auf plaines de Nilheis, Jsle de France sur

326 785 2099 106 la ditte habitation du Oitoyen Jean Baptiste Nigaigon, ou de na

319 875 2044 103 duit exprés transporté, à la requisition de la ditte Citogenne Marie

318 962 2081 89 Bigaigoni le vingt uniaime Jour dre moit de mestidor. Lan Siseieme de

324 1045 2078 87 la Republique francaite une et nndivisible, après midy, en la presence

327 1122 2099 82 et Contisnicelle asittaiice dit Citoynnt ; Drsard herberee, et Louis

324 1192 2104 88 Etienné huot. ; tout deux habitants et domicilies en a Cantoin, et temoine

342 1265 2076 93 requis, Suivant l'ordoinance, et ont les dits temoint Signés avec le

324 1341 2097 95 notaire Poustigné, à l'exception de, la ditte testatrice qui à déclar

340 1426 2069 97 ne Se avoir ecrird uun Signer; quoiqué de ce faire réquite et interpellée

323 1497 2095 113 Suivant Pordonnance Dout aete Signé Jardin Douard herbereau tt hui

313 1578 2064 116 den Marge etéciti Controlé au port No. Jsle de france le 28

318 1659 1809 136 Therinidor au P^emte 4 es ille Livres Signé Sesvier /.

1305 1746 71 63 R. 2

909 1786 1460 142 Enregisté Par Mer Etiennée hiacinthe husson

896 1903 1494 122 Qeffier dus Tribiinal Civil, de Visle de France

898 2017 1492 103 doussigné dur uné Expedition dudit testament à

907 2104 1016 112 moi présenté ae Cit effet.

769 2229 1626 111 au port Ne ille defrance de prencieu puclidor au 6

1679 2356 77 55 14

1799 2327 502 89 Bunon

1896 2405 126 117 35

348 2566 2005 157 Lan Vixieme Dela République Bangaise une et
