3267 2479
187 1 3068 105 par la Cete dousorte cest francerse Lousteou fune de Jean Dapliute purtent a cethoise

249 74 336 154 Jibel

621 100 2564 124 par justicr a la poussinte deses dioits demeurante avec son mari

643 229 2494 137 enla maison du ces Lonsteau pere entre les remparts de ce port

626 429 2620 146 daquelle au réétérant et approuvant latte par elle fen au Grefe

629 552 2577 120 le huit Missidor dermer portant renosiciation à la Commun aute

614 658 2606 135 de bieur étoblie entielle lle du Stuibel son mari a dé boudant

611 798 2588 161 decari quelle renonie à la commmen auté établié pan son contrat

600 936 2620 145 de niariage pour aun tenie à ses dot, repuses, lirconices parant

582 1085 2576 132 Eafismant navoir aun pes destrait ni de tocerne des biene

592 1235 2549 128 dela dette Communante dont aête recqes Boctroge fai

578 1353 2611 141 Byasé au Ereffe fauie au port Mord viunt Jsle de france le

574 1506 1779 99 jour et an que sossns et asigne avec mui

530 1720 36 96 6

1162 1644 1773 98 B uon Francoise Loustau Burbet

79 1875 423 106 lestament

556 1908 684 93 lan unquiem d

1294 1912 1924 149 ublique fraciuise le douse Nivose au meslen

2513 1881 21 38 —

64 2021 440 150 Jacqus Despech

588 2031 490 114 rejoudant a

1150 2030 2059 198 doir muil sept eedequatrenriagt den Sept (rieux stile
