<?xml version="1.0" encoding="UTF-8"?>
<alto xmlns:xsi="http://www.w3.org/2001/XMLSchema-instance"
      xmlns="http://www.loc.gov/standards/alto/ns-v4#"
      xsi:schemaLocation="http://www.loc.gov/standards/alto/ns-v4# http://www.loc.gov/standards/alto/v4/alto-4-2.xsd">
  <Description>
    <MeasurementUnit>pixel</MeasurementUnit>
    <sourceImageInformation>
      <fileName>JK10_1.pdf_page_11.png</fileName>
      <fileIdentifier>pdf//JK10_1.pdf</fileIdentifier>
    </sourceImageInformation>
  </Description>
  <Tags>
    <OtherTag ID="BT7" LABEL="CustomZone" DESCRIPTION="block type CustomZone"/><OtherTag ID="BT8" LABEL="DamageZone" DESCRIPTION="block type DamageZone"/><OtherTag ID="BT9" LABEL="DigitizationArtefactZone" DESCRIPTION="block type DigitizationArtefactZone"/><OtherTag ID="BT10" LABEL="DropCapitalZone" DESCRIPTION="block type DropCapitalZone"/><OtherTag ID="BT11" LABEL="GraphicZone" DESCRIPTION="block type GraphicZone"/><OtherTag ID="BT12" LABEL="MainZone" DESCRIPTION="block type MainZone"/><OtherTag ID="BT13" LABEL="MarginTextZone" DESCRIPTION="block type MarginTextZone"/><OtherTag ID="BT14" LABEL="MusicZone" DESCRIPTION="block type MusicZone"/><OtherTag ID="BT15" LABEL="NumberingZone" DESCRIPTION="block type NumberingZone"/><OtherTag ID="BT17" LABEL="QuireMarksZone" DESCRIPTION="block type QuireMarksZone"/><OtherTag ID="BT18" LABEL="RunningTitleZone" DESCRIPTION="block type RunningTitleZone"/><OtherTag ID="BT19" LABEL="SealZone" DESCRIPTION="block type SealZone"/><OtherTag ID="BT20" LABEL="StampZone" DESCRIPTION="block type StampZone"/><OtherTag ID="BT21" LABEL="TableZone" DESCRIPTION="block type TableZone"/><OtherTag ID="BT22" LABEL="TitlePageZone" DESCRIPTION="block type TitlePageZone"/><OtherTag ID="BT420" LABEL="text" DESCRIPTION="block type text"/>
    <OtherTag ID="LT7" LABEL="CustomLine" DESCRIPTION="line type CustomLine"/><OtherTag ID="LT8" LABEL="DefaultLine" DESCRIPTION="line type DefaultLine"/><OtherTag ID="LT9" LABEL="DropCapitalLine" DESCRIPTION="line type DropCapitalLine"/><OtherTag ID="LT10" LABEL="HeadingLine" DESCRIPTION="line type HeadingLine"/><OtherTag ID="LT11" LABEL="InterlinearLine" DESCRIPTION="line type InterlinearLine"/><OtherTag ID="LT12" LABEL="MusicLine" DESCRIPTION="line type MusicLine"/><OtherTag ID="LT315" LABEL="default" DESCRIPTION="line type default"/>
  </Tags>
  <Layout>
    <Page WIDTH="2683"
          HEIGHT="2479"
          PHYSICAL_IMG_NR="10"
          ID="eSc_dummypage_">
      <PrintSpace HPOS="0"
                  VPOS="0"
                  WIDTH="2683"
                  HEIGHT="2479">
        <TextBlock HPOS="402"
                   VPOS="247"
                   WIDTH="2219"
                   HEIGHT="1993"
                   ID="eSc_textblock_fc4fecc1"
                   TAGREFS="BT420">
          <Shape><Polygon POINTS="1107 247 1156 302 1199 269 1205 351 1155 422 1017 446 1057 473 1899 451 2462 352 2587 363 2615 385 2621 483 2565 588 2306 644 2510 688 2598 820 2560 931 2538 1305 2576 1574 2549 1674 2560 1811 2510 1922 2543 2010 2527 2136 1933 2152 1228 2114 1167 2130 1177 2158 743 2191 659 2240 622 2240 611 1724 633 1300 593 1243 567 1238 567 1206 512 1177 495 1096 534 1024 594 1017 633 946 650 820 632 791 435 802 402 747 407 666 484 484 648 490 732 461 725 406 672 411 637 367 567 356 556 275 572 258 709 264 738 302 802 319 1039 291 1052 253 1107 247"/></Shape>
          <TextLine ID="eSc_line_3430442b"
                    TAGREFS="LT315"
                    BASELINE="2586 432 2596 432" 
                    HPOS="2586"
                    VPOS="381"
                    WIDTH="10"
                    HEIGHT="70">
            <Shape><Polygon POINTS="2586 432 2587 451 2596 448 2596 432 2596 381 2586 381 2586 432"/></Shape>
	    <String CONTENT="1"
                    HPOS="2586"
                    VPOS="381"
                    WIDTH="10"
                    HEIGHT="70"
                    WC="0.9980190992355347"></String>
          </TextLine>
          <TextLine ID="eSc_line_b96c9dc7"
                    TAGREFS="LT315"
                    BASELINE="1729 556 1815 550" 
                    HPOS="1724"
                    VPOS="480"
                    WIDTH="91"
                    HEIGHT="98">
            <Shape><Polygon POINTS="1729 556 1731 578 1815 572 1815 550 1809 502 1779 504 1760 490 1749 480 1747 480 1746 480 1745 480 1724 480 1729 556"/></Shape>
	    <String CONTENT="Vase"
                    HPOS="1724"
                    VPOS="480"
                    WIDTH="91"
                    HEIGHT="98"
                    WC="0.7861029878258705"></String>
          </TextLine>
          <TextLine ID="eSc_line_998ef7bd"
                    TAGREFS="LT315"
                    BASELINE="1895 526 2199 484 2345 480" 
                    HPOS="1888"
                    VPOS="422"
                    WIDTH="457"
                    HEIGHT="119">
            <Shape><Polygon POINTS="1895 526 1896 541 1962 528 2010 528 2012 528 2013 528 2074 510 2090 516 2092 516 2093 516 2229 493 2264 499 2265 499 2267 499 2268 499 2282 487 2295 494 2297 494 2298 494 2345 490 2345 480 2338 426 2298 422 2297 422 2295 422 2260 436 2257 436 2254 436 2225 431 2224 431 2222 431 2198 442 2196 443 2194 443 2154 422 2152 422 2151 422 2111 428 2110 428 2108 428 2108 429 2096 442 1965 448 1964 448 1962 448 1962 450 1940 469 1935 473 1924 471 1908 466 1907 466 1906 466 1904 466 1888 473 1895 526"/></Shape>
	    <String CONTENT="de de france pa"
                    HPOS="1888"
                    VPOS="422"
                    WIDTH="457"
                    HEIGHT="119"
                    WC="0.9668033440907796"></String>
          </TextLine>
          <TextLine ID="eSc_line_63dea959"
                    TAGREFS="LT315"
                    BASELINE="2261 524 2498 516" 
                    HPOS="2258"
                    VPOS="458"
                    WIDTH="240"
                    HEIGHT="83">
            <Shape><Polygon POINTS="2341 482 2338 482 2326 494 2326 495 2258 497 2261 524 2261 538 2417 541 2418 541 2497 527 2498 516 2497 484 2465 458 2464 458 2462 458 2461 458 2459 458 2418 473 2379 461 2378 461 2377 461 2362 462 2360 462 2359 462 2359 464 2341 479 2341 482"/></Shape>
	    <String CONTENT="Douil"
                    HPOS="2258"
                    VPOS="458"
                    WIDTH="240"
                    HEIGHT="83"
                    WC="0.8826751589775086"></String>
          </TextLine>
          <TextLine ID="eSc_line_856888fa"
                    TAGREFS="LT315"
                    BASELINE="836 625 1335 601 1611 578" 
                    HPOS="833"
                    VPOS="517"
                    WIDTH="778"
                    HEIGHT="124">
            <Shape><Polygon POINTS="836 625 836 640 904 641 906 641 907 641 922 636 935 630 944 634 957 639 958 639 959 639 1005 630 1034 623 1136 622 1355 616 1404 605 1406 605 1408 605 1477 607 1479 607 1480 607 1481 607 1481 605 1483 605 1487 600 1487 599 1611 592 1611 578 1608 532 1594 519 1594 517 1593 517 1592 517 1590 517 1541 520 1539 520 1538 520 1538 521 1537 521 1521 539 1516 546 1505 541 1480 528 1479 528 1453 528 1451 528 1450 528 1448 528 1448 530 1447 530 1435 545 1406 534 1404 534 1403 534 1402 534 1400 534 1400 535 1391 546 1352 549 1309 546 1296 535 1294 535 1293 535 1291 535 1251 545 1250 545 1249 545 1249 546 1235 560 1229 568 1201 568 1192 564 1176 552 1174 552 1173 552 1172 552 1170 552 1169 552 1145 567 1134 572 1092 572 1090 571 1064 548 1063 548 1061 548 1060 548 1028 549 1027 549 1026 549 1026 550 1024 550 1012 566 997 552 995 552 994 552 973 552 972 552 971 552 969 552 969 553 936 582 933 585 833 589 836 625"/></Shape>
	    <String CONTENT="Par devaul les nstaire du"
                    HPOS="833"
                    VPOS="517"
                    WIDTH="778"
                    HEIGHT="124"
                    WC="0.9442241477966309"></String>
          </TextLine>
          <TextLine ID="eSc_line_ca410565"
                    TAGREFS="LT315"
                    BASELINE="2220 586 2326 577" 
                    HPOS="2216"
                    VPOS="552"
                    WIDTH="110"
                    HEIGHT="44">
            <Shape><Polygon POINTS="2220 586 2220 596 2326 590 2326 577 2323 555 2216 552 2220 586"/></Shape>
	    <String CONTENT="descé"
                    HPOS="2216"
                    VPOS="552"
                    WIDTH="110"
                    HEIGHT="44"
                    WC="0.9995389461517334"></String>
          </TextLine>
          <TextLine ID="eSc_line_de19d23c"
                    TAGREFS="LT315"
                    BASELINE="2421 557 2559 546" 
                    HPOS="2417"
                    VPOS="508"
                    WIDTH="142"
                    HEIGHT="63">
            <Shape><Polygon POINTS="2486 517 2483 517 2481 519 2480 521 2417 528 2421 557 2421 571 2559 557 2559 546 2552 508 2525 520 2506 515 2494 512 2492 512 2491 512 2490 512 2488 512 2488 513 2486 515 2486 517"/></Shape>
	    <String CONTENT="verte"
                    HPOS="2417"
                    VPOS="508"
                    WIDTH="142"
                    HEIGHT="63"
                    WC="0.9999395132064819"></String>
          </TextLine>
          <TextLine ID="eSc_line_d65985ec"
                    TAGREFS="LT315"
                    BASELINE="681 706 980 703 1623 667" 
                    HPOS="679"
                    VPOS="607"
                    WIDTH="944"
                    HEIGHT="124">
            <Shape><Polygon POINTS="681 706 681 721 720 721 723 721 735 731 736 731 738 731 739 731 796 718 800 718 802 718 848 725 849 725 1027 717 1028 717 1030 717 1030 716 1037 709 1039 706 1067 707 1112 712 1114 712 1115 712 1116 712 1116 710 1118 710 1121 706 1125 701 1158 701 1163 705 1170 710 1172 710 1173 710 1174 710 1304 702 1305 702 1312 698 1326 691 1623 685 1623 667 1621 626 1596 625 1568 607 1567 607 1566 607 1564 607 1563 607 1561 607 1561 608 1543 625 1521 630 1520 630 1519 630 1465 611 1464 611 1462 611 1425 615 1424 615 1422 615 1393 633 1347 622 1345 622 1344 622 1342 622 1318 640 1301 641 1287 641 1282 641 1256 641 1235 622 1234 622 1232 622 1231 622 1202 623 1201 623 1199 623 1199 625 1185 637 1169 626 1167 626 1166 626 1143 626 1141 626 1140 626 1094 650 1053 644 1052 644 1050 644 1027 652 1006 640 1005 640 1004 640 1002 640 1001 640 975 655 944 636 943 636 942 636 940 636 939 636 937 636 937 637 915 658 896 651 895 651 893 651 892 651 891 651 878 661 878 662 871 662 841 662 804 643 802 643 801 643 764 644 740 645 739 645 738 645 703 670 679 670 681 706"/></Shape>
	    <String CONTENT="fut pécert S^t taumen Aerestin"
                    HPOS="679"
                    VPOS="607"
                    WIDTH="944"
                    HEIGHT="124"
                    WC="0.9377529114484787"></String>
          </TextLine>
          <TextLine ID="eSc_line_3828ccc4"
                    TAGREFS="LT315"
                    BASELINE="1640 665 1683 654 2176 601" 
                    HPOS="1636"
                    VPOS="552"
                    WIDTH="540"
                    HEIGHT="125">
            <Shape><Polygon POINTS="1640 665 1641 677 1758 670 1760 670 1761 670 1769 663 1775 659 1800 659 1820 659 1822 659 1855 654 1926 639 1953 641 1973 644 1975 644 1976 644 2006 636 2016 633 2028 633 2090 634 2092 634 2093 634 2126 622 2144 615 2174 615 2176 601 2167 552 2119 566 2071 566 2009 568 2008 568 2006 568 2006 570 1998 577 1987 589 1969 583 1968 583 1966 583 1965 583 1964 583 1964 585 1962 585 1951 599 1914 601 1899 592 1884 582 1882 582 1881 582 1880 582 1878 582 1877 582 1852 599 1837 610 1802 614 1793 608 1791 607 1790 607 1789 607 1787 607 1786 607 1784 607 1784 608 1782 610 1775 618 1702 625 1698 622 1688 618 1687 618 1685 618 1684 618 1636 632 1640 665"/></Shape>
	    <String CONTENT="mrchand tmeurant"
                    HPOS="1636"
                    VPOS="552"
                    WIDTH="540"
                    HEIGHT="125"
                    WC="0.9960231147706509"></String>
          </TextLine>
          <TextLine ID="eSc_line_6db5ff97"
                    TAGREFS="LT315"
                    BASELINE="667 791 948 786 1541 750" 
                    HPOS="666"
                    VPOS="706"
                    WIDTH="875"
                    HEIGHT="109">
            <Shape><Polygon POINTS="667 791 670 815 695 807 727 812 747 815 749 815 750 815 765 809 774 805 807 805 809 807 819 813 820 813 822 813 823 813 926 808 928 808 929 808 937 801 976 805 977 805 979 805 980 805 980 804 988 797 1026 800 1027 800 1074 790 1108 783 1114 787 1121 793 1121 794 1122 794 1123 794 1125 794 1126 794 1128 794 1136 787 1239 791 1240 791 1242 791 1274 780 1324 780 1326 780 1327 780 1329 780 1338 773 1340 772 1341 773 1349 780 1351 780 1352 780 1353 780 1355 780 1384 771 1395 768 1399 771 1418 782 1420 782 1421 782 1422 782 1424 782 1425 782 1425 780 1435 771 1539 761 1541 750 1535 717 1513 727 1505 718 1504 718 1502 718 1501 718 1499 718 1495 720 1473 725 1468 721 1450 706 1448 706 1447 706 1446 706 1322 718 1258 716 1257 716 1256 716 1254 716 1254 717 1235 736 1234 736 1220 736 1184 736 1183 736 1181 736 1180 736 1180 738 1178 738 1177 739 1173 745 1155 740 1132 736 1130 736 1129 736 1128 736 1128 738 1122 743 1118 746 1114 743 1092 728 1090 728 1089 728 1088 728 1086 728 1085 728 1085 729 1068 746 1064 750 1057 747 1050 745 1049 745 1048 745 1046 745 1034 749 1019 753 1016 750 1001 736 999 736 998 736 979 736 977 736 976 736 975 736 975 738 958 753 957 754 954 753 924 745 922 745 921 745 920 745 918 745 918 746 907 756 904 758 895 757 867 753 866 753 805 762 786 767 765 767 764 765 739 743 738 743 736 743 735 743 718 745 717 745 716 745 716 746 691 769 691 771 666 771 667 791"/></Shape>
	    <String CONTENT="du Poil louir paconne S^t touis"
                    HPOS="666"
                    VPOS="706"
                    WIDTH="875"
                    HEIGHT="109"
                    WC="0.9605849212215792"></String>
          </TextLine>
          <TextLine ID="eSc_line_b58ea763"
                    TAGREFS="LT315"
                    BASELINE="790 871 1057 864 1309 845 1822 819 2167 791 2486 750" 
                    HPOS="787"
                    VPOS="703"
                    WIDTH="1699"
                    HEIGHT="201">
            <Shape><Polygon POINTS="790 871 790 893 845 904 847 904 848 904 885 886 891 884 946 882 1034 881 1071 888 1072 888 1115 878 1144 885 1145 885 1147 885 1148 885 1194 864 1199 863 1209 864 1246 869 1247 869 1249 869 1269 860 1275 858 1283 859 1326 867 1327 867 1380 859 1468 864 1469 864 1470 864 1519 848 1567 858 1568 858 1607 855 1608 855 1632 842 1702 848 1703 848 1966 830 1968 830 2013 816 2141 816 2141 815 2143 815 2211 794 2486 772 2486 750 2480 703 2386 709 2385 709 2378 712 2306 740 2271 742 2249 734 2247 734 2246 734 2245 734 2216 747 2129 745 2127 745 2126 745 2088 757 2052 745 2050 745 2049 745 2048 745 2005 764 1878 771 1853 762 1852 762 1851 762 1849 762 1787 779 1757 779 1724 767 1700 758 1699 758 1698 758 1696 758 1678 767 1630 761 1629 761 1627 761 1575 780 1568 782 1561 780 1506 771 1505 771 1432 775 1431 775 1392 796 1371 807 1353 798 1316 783 1315 783 1313 783 1285 786 1283 786 1242 808 1229 815 1216 811 1174 798 1173 798 1093 798 1092 798 1090 798 1006 829 993 833 986 830 937 813 936 813 935 813 933 813 932 813 891 838 886 841 787 846 790 871"/></Shape>
	    <String CONTENT="Requel Vouant Deconaoitre autant qu&#x27;il, est enlui les tous le"
                    HPOS="787"
                    VPOS="703"
                    WIDTH="1699"
                    HEIGHT="201"
                    WC="0.9635726829044154"></String>
          </TextLine>
          <TextLine ID="eSc_line_85369303"
                    TAGREFS="LT315"
                    BASELINE="669 946 1242 928 1818 892 2352 851 2578 841" 
                    HPOS="665"
                    VPOS="789"
                    WIDTH="1913"
                    HEIGHT="191">
            <Shape><Polygon POINTS="669 946 669 980 716 979 717 979 752 961 797 955 909 955 910 955 948 947 988 961 991 962 993 962 994 962 1144 955 1201 951 1202 951 1213 947 1242 933 1289 942 1315 946 1316 946 1364 936 1403 929 1476 929 1554 929 1556 929 1557 929 1575 922 1592 917 1627 919 1654 921 1655 921 1703 914 1728 911 1740 911 1813 918 1815 918 1902 902 1937 893 2189 878 2232 878 2236 880 2275 892 2276 892 2278 892 2414 885 2415 885 2468 864 2472 862 2578 856 2578 841 2571 789 2494 815 2446 807 2444 807 2411 813 2373 800 2371 800 2370 800 2308 802 2286 805 2284 805 2249 822 2211 809 2210 809 2209 809 2148 812 2147 812 2145 812 2082 837 2010 820 2009 820 1970 822 1969 822 1966 822 1846 859 1662 867 1630 856 1629 856 1627 856 1626 856 1596 864 1537 849 1535 849 1534 849 1462 864 1429 852 1426 852 1425 852 1424 852 1422 852 1420 853 1348 885 1224 885 1223 885 1221 885 1198 895 1077 899 1012 877 1010 877 1009 877 1008 877 946 903 856 903 809 888 805 886 804 886 802 886 665 895 669 946"/></Shape>
	    <String CONTENT="fesle nevicer qua lui ce Reendur le nommée Cantre Denaud, aéquse"
                    HPOS="665"
                    VPOS="789"
                    WIDTH="1913"
                    HEIGHT="191"
                    WC="0.9530351464636624"></String>
          </TextLine>
          <TextLine ID="eSc_line_b940d9ec"
                    TAGREFS="LT315"
                    BASELINE="634 1020 1024 1016 1451 1002 1899 973 1994 958 2206 940 2508 925" 
                    HPOS="632"
                    VPOS="880"
                    WIDTH="1876"
                    HEIGHT="163">
            <Shape><Polygon POINTS="634 1020 634 1041 695 1030 723 1038 735 1042 736 1042 738 1043 782 1043 782 1042 783 1042 802 1034 804 1034 820 1034 869 1034 869 1032 870 1032 875 1030 893 1021 922 1028 975 1039 976 1039 1031 1030 1400 1020 1476 1015 1477 1015 1499 1005 1561 1013 1563 1013 1749 991 1769 998 1771 998 1772 998 1822 988 1921 991 1922 991 1924 991 1958 975 1965 972 2015 972 2086 972 2088 972 2145 965 2183 961 2195 962 2220 966 2221 966 2222 966 2247 959 2256 957 2508 946 2508 925 2502 880 2468 892 2447 885 2446 885 2444 885 2363 889 2362 889 2300 906 2262 892 2260 891 2258 891 2257 891 2163 895 2162 895 2156 897 2123 914 2090 900 2085 899 2083 899 2082 899 1942 904 1940 904 1929 908 1871 936 1760 939 1727 926 1725 926 1724 926 1723 926 1652 944 1491 944 1490 944 1488 944 1469 954 1344 958 1308 944 1307 944 1305 944 1246 955 1161 948 1105 944 1104 944 1103 944 1083 953 1052 966 1026 964 1024 964 1023 964 1002 973 953 962 951 962 950 962 915 977 873 970 871 970 870 970 831 980 796 968 767 957 765 957 764 957 658 962 656 962 632 973 634 1020"/></Shape>
	    <String CONTENT="Vendieaue libre decceurante usd^t Velle et paroisse V^e tous par les"
                    HPOS="632"
                    VPOS="880"
                    WIDTH="1876"
                    HEIGHT="163"
                    WC="0.9498671924366671"></String>
          </TextLine>
          <TextLine ID="eSc_line_bd7c0b71"
                    TAGREFS="LT315"
                    BASELINE="567 1086 1447 1085 1863 1065 1953 1052 2294 1024 2531 1019" 
                    HPOS="566"
                    VPOS="988"
                    WIDTH="1965"
                    HEIGHT="133">
            <Shape><Polygon POINTS="567 1086 568 1121 663 1119 673 1118 745 1100 804 1110 805 1110 964 1101 1015 1105 1077 1110 1078 1110 1079 1110 1100 1103 1165 1110 1166 1110 1261 1101 1444 1105 1446 1105 1592 1093 1662 1101 1663 1101 1776 1079 1794 1086 1796 1086 1797 1086 1830 1079 1862 1086 1863 1086 1864 1086 1914 1074 1943 1081 1944 1081 1946 1081 1947 1081 1991 1070 2034 1057 2530 1049 2531 1019 2527 988 1990 998 1988 998 1957 1008 1885 1031 1822 1023 1820 1023 1734 1037 1663 1019 1662 1019 1661 1019 1659 1019 1658 1019 1656 1019 1627 1031 1532 1023 1520 1023 1519 1023 1517 1023 1515 1024 1473 1042 1360 1043 1329 1031 1302 1020 1301 1020 1300 1020 1298 1020 1269 1032 1240 1045 1210 1035 1177 1024 1176 1024 1174 1024 1092 1039 1035 1050 889 1052 875 1046 844 1035 842 1035 841 1035 840 1035 804 1049 793 1053 782 1050 725 1034 724 1034 723 1034 721 1034 677 1054 672 1057 566 1057 567 1086"/></Shape>
	    <String CONTENT="jors qutelle aprtés auttes ala boutique de peet qu&#x27;elle estt a tou seroice"
                    HPOS="566"
                    VPOS="988"
                    WIDTH="1965"
                    HEIGHT="133"
                    WC="0.9623588396085275"></String>
          </TextLine>
          <TextLine ID="eSc_line_3a5e45d1"
                    TAGREFS="LT315"
                    BASELINE="2495 1089 2517 1089" 
                    HPOS="2495"
                    VPOS="1054"
                    WIDTH="22"
                    HEIGHT="49">
            <Shape><Polygon POINTS="2495 1089 2495 1103 2517 1097 2517 1089 2517 1059 2495 1054 2495 1089"/></Shape>
	    <String CONTENT="—"
                    HPOS="2495"
                    VPOS="1054"
                    WIDTH="22"
                    HEIGHT="49"
                    WC="0.9996024966239929"></String>
          </TextLine>
          <TextLine ID="eSc_line_dbe4ca94"
                    TAGREFS="LT315"
                    BASELINE="534 1155 1457 1149 1801 1140 1955 1132 2199 1103 2430 1090" 
                    HPOS="533"
                    VPOS="1063"
                    WIDTH="1897"
                    HEIGHT="131">
            <Shape><Polygon POINTS="534 1155 535 1194 567 1180 590 1189 592 1189 593 1189 594 1189 623 1178 863 1180 864 1180 866 1180 918 1158 987 1177 1008 1183 1009 1183 1010 1183 1042 1176 1068 1169 1082 1174 1105 1183 1107 1183 1108 1183 1279 1180 1280 1180 1311 1166 1385 1178 1386 1178 1633 1154 1676 1149 1685 1151 1742 1165 1743 1165 1745 1165 1778 1154 1824 1163 1826 1163 1827 1163 1877 1144 1882 1143 1892 1144 1951 1154 1953 1154 2016 1140 2050 1130 2429 1123 2430 1090 2426 1063 2119 1068 2118 1068 2105 1074 2100 1075 2092 1074 2064 1070 2063 1070 2026 1076 1954 1090 1921 1085 1919 1085 1918 1085 1838 1112 1694 1112 1670 1103 1669 1103 1667 1103 1666 1103 1647 1110 1600 1092 1578 1083 1577 1083 1575 1083 1574 1083 1552 1093 1499 1116 1446 1103 1444 1103 1443 1103 1442 1103 1406 1119 1223 1119 1185 1107 1145 1092 1144 1092 1143 1092 1141 1092 1096 1110 1072 1118 1045 1111 986 1097 984 1097 983 1097 953 1110 914 1094 913 1094 911 1094 910 1094 856 1118 852 1119 845 1118 827 1115 826 1115 825 1115 809 1119 779 1129 706 1123 683 1122 681 1122 680 1122 673 1125 659 1130 533 1130 534 1155"/></Shape>
	    <String CONTENT="Lansdemant Veu Decampeuser, et déctare pavces prevate leui faire"
                    HPOS="533"
                    VPOS="1063"
                    WIDTH="1897"
                    HEIGHT="131"
                    WC="0.9781138254329562"></String>
          </TextLine>
          <TextLine ID="eSc_line_e516b245"
                    TAGREFS="LT315"
                    BASELINE="662 1232 1530 1224 1880 1211 2216 1189 2527 1183" 
                    HPOS="659"
                    VPOS="1138"
                    WIDTH="1868"
                    HEIGHT="119">
            <Shape><Polygon POINTS="662 1232 663 1254 685 1243 714 1253 727 1257 728 1257 729 1257 794 1256 796 1256 807 1250 816 1246 836 1250 862 1254 863 1254 864 1254 877 1249 903 1236 948 1236 972 1246 986 1251 987 1251 988 1251 990 1251 1013 1245 1053 1233 1111 1242 1155 1249 1156 1249 1300 1246 1301 1246 1318 1238 1351 1245 1352 1245 1574 1240 1575 1240 1599 1229 1607 1225 1632 1228 1687 1235 1688 1235 1689 1235 1724 1225 1731 1224 1736 1225 1767 1235 1768 1235 1769 1235 1771 1235 1801 1224 1807 1224 1904 1225 1906 1225 1907 1225 1924 1220 1940 1216 2065 1217 2185 1217 2187 1217 2261 1211 2294 1209 2301 1210 2352 1225 2353 1225 2355 1225 2356 1225 2393 1207 2395 1206 2525 1203 2527 1183 2521 1145 2461 1160 2407 1147 2371 1138 2370 1138 2368 1138 2355 1145 2116 1144 2115 1144 2114 1144 2092 1154 2083 1156 2050 1154 2035 1154 2034 1154 2032 1154 2028 1155 1969 1173 1863 1181 1778 1181 1727 1160 1725 1160 1724 1160 1723 1160 1721 1160 1720 1160 1699 1167 1680 1162 1676 1160 1674 1160 1673 1160 1672 1160 1666 1162 1616 1176 1585 1163 1564 1155 1563 1155 1561 1155 1560 1155 1539 1165 1506 1180 1469 1166 1458 1162 1457 1162 1455 1162 1454 1162 1444 1166 1413 1181 1373 1177 1371 1177 1370 1177 1344 1189 1319 1180 1318 1180 1316 1180 1315 1180 1291 1191 1100 1188 1099 1188 935 1198 864 1178 833 1169 831 1169 830 1169 829 1169 804 1178 797 1183 659 1183 662 1232"/></Shape>
	    <String CONTENT="donation pere a imple et entevefs en te monq melteure forme que"
                    HPOS="659"
                    VPOS="1138"
                    WIDTH="1868"
                    HEIGHT="119"
                    WC="0.9540164120613582"></String>
          </TextLine>
          <TextLine ID="eSc_line_aa507913"
                    TAGREFS="LT315"
                    BASELINE="658 1305 1998 1287 2516 1289" 
                    HPOS="656"
                    VPOS="1233"
                    WIDTH="1860"
                    HEIGHT="94">
            <Shape><Polygon POINTS="658 1305 658 1315 720 1315 776 1327 778 1327 820 1318 884 1320 885 1320 886 1320 906 1311 907 1311 909 1311 926 1319 928 1319 929 1319 931 1319 953 1311 954 1311 1004 1311 1049 1311 1265 1322 1267 1322 1384 1305 1391 1305 1396 1305 1501 1319 1502 1319 1568 1304 1599 1313 1600 1313 1601 1313 1666 1305 1727 1312 1728 1312 1789 1301 1790 1301 1830 1312 1831 1312 1833 1312 1885 1300 1886 1300 1917 1311 1918 1311 1919 1311 2130 1298 2364 1309 2366 1309 2447 1308 2514 1291 2516 1289 2514 1249 2494 1240 2492 1240 2491 1240 2430 1249 2404 1240 2403 1240 2301 1240 2300 1240 2253 1251 2236 1256 2224 1251 2169 1233 2167 1233 2166 1233 2165 1233 2141 1243 2122 1235 2121 1235 2119 1235 1968 1236 1966 1236 1933 1250 1885 1249 1884 1249 1882 1249 1864 1254 1846 1261 1718 1261 1707 1256 1669 1239 1667 1239 1634 1239 1633 1239 1561 1257 1538 1262 1521 1257 1480 1242 1479 1242 1389 1242 1388 1242 1386 1242 1340 1258 1319 1267 1246 1267 1220 1260 1170 1245 1169 1245 1167 1245 1108 1246 1042 1261 1006 1268 944 1261 939 1261 937 1261 936 1261 935 1261 898 1272 732 1272 707 1262 692 1257 691 1257 690 1257 656 1262 658 1305"/></Shape>
	    <String CONTENT="donafont preese Valit la d^ Ecilés Denaud, ecc paentail ce amplante"
                    HPOS="656"
                    VPOS="1233"
                    WIDTH="1860"
                    HEIGHT="94"
                    WC="0.9710187400454906"></String>
          </TextLine>
          <TextLine ID="eSc_line_fe66c895"
                    TAGREFS="LT315"
                    BASELINE="641 1364 1059 1368 1812 1362 2516 1370" 
                    HPOS="640"
                    VPOS="1304"
                    WIDTH="1876"
                    HEIGHT="85">
            <Shape><Polygon POINTS="641 1364 640 1378 950 1385 951 1385 1021 1378 1063 1375 1071 1378 1086 1386 1088 1386 1089 1388 1236 1388 1236 1386 1280 1378 1296 1377 1757 1377 1790 1378 1907 1388 1908 1388 1910 1388 1946 1378 1950 1378 1959 1378 2035 1388 2037 1389 2216 1389 2216 1388 2272 1378 2279 1378 2286 1378 2335 1388 2337 1389 2472 1389 2472 1388 2514 1378 2516 1370 2513 1306 2346 1318 2313 1308 2306 1306 2305 1306 2233 1306 2232 1306 2214 1309 2165 1319 2123 1311 2108 1308 2107 1308 2105 1308 2099 1311 2054 1331 1992 1331 1951 1312 1947 1311 1946 1311 1906 1306 1904 1306 1789 1311 1787 1311 1778 1315 1756 1324 1734 1315 1710 1305 1709 1305 1640 1305 1638 1305 1637 1305 1608 1316 1577 1330 1468 1330 1437 1319 1426 1315 1425 1315 1424 1315 1422 1315 1406 1319 1377 1326 1349 1319 1315 1312 1313 1312 1312 1312 1291 1320 1269 1330 1100 1330 1086 1323 1045 1304 1044 1304 990 1304 988 1304 987 1304 943 1318 917 1306 915 1306 914 1306 913 1306 870 1326 864 1329 785 1329 780 1326 727 1306 725 1306 724 1306 723 1306 673 1327 673 1329 641 1329 641 1364"/></Shape>
	    <String CONTENT="de la pofriété, poceneseal jaussance d&#x27;un tonles coptormentlue"
                    HPOS="640"
                    VPOS="1304"
                    WIDTH="1876"
                    HEIGHT="85"
                    WC="0.9799735248088837"></String>
          </TextLine>
          <TextLine ID="eSc_line_e8d2adf6"
                    TAGREFS="LT315"
                    BASELINE="652 1439 1666 1435 2534 1444" 
                    HPOS="651"
                    VPOS="1384"
                    WIDTH="1883"
                    HEIGHT="77">
            <Shape><Polygon POINTS="652 1439 651 1446 676 1457 677 1457 679 1457 720 1450 775 1458 776 1459 958 1459 958 1458 959 1458 990 1451 1063 1458 1064 1458 1066 1458 1099 1448 1103 1447 1267 1447 1269 1450 1294 1458 1296 1458 1297 1458 1480 1451 1548 1448 1640 1448 1650 1452 1667 1459 1669 1459 1670 1459 1789 1452 1807 1452 1816 1452 1857 1458 1859 1458 1860 1458 1873 1454 1884 1450 1914 1454 1954 1459 1955 1459 1957 1459 1969 1454 1977 1450 2074 1450 2094 1455 2104 1458 2105 1458 2107 1458 2140 1455 2206 1450 2261 1457 2278 1458 2279 1458 2289 1457 2323 1450 2396 1458 2432 1461 2433 1461 2462 1458 2510 1452 2530 1458 2534 1444 2531 1399 2462 1404 2444 1399 2414 1388 2413 1388 2411 1388 2410 1388 2382 1399 2379 1400 2297 1406 2280 1399 2276 1397 2275 1397 2273 1397 2265 1399 2235 1406 2202 1399 2192 1397 2191 1397 2189 1397 2185 1399 2170 1407 2037 1407 2012 1399 1981 1390 1980 1390 1979 1390 1977 1390 1954 1399 1947 1402 1930 1399 1838 1385 1837 1385 1835 1385 1794 1400 1780 1404 1764 1400 1749 1396 1747 1396 1746 1396 1694 1400 1684 1400 1683 1400 1658 1389 1656 1389 1655 1389 1627 1395 1604 1385 1603 1385 1601 1385 1535 1400 1534 1400 1532 1400 1491 1385 1490 1385 1488 1385 1487 1385 1468 1393 1447 1385 1446 1385 1274 1384 1272 1384 1271 1384 1247 1393 1075 1385 1074 1385 1072 1385 1046 1395 1027 1389 1026 1389 1024 1389 1023 1389 994 1402 990 1404 957 1404 953 1402 917 1386 915 1386 914 1386 833 1402 825 1403 820 1402 794 1392 793 1392 791 1392 790 1392 764 1402 764 1403 652 1403 652 1439"/></Shape>
	    <String CONTENT="au pil touce dcelle fel au detur su quartie dele grueude ucontaqaé"
                    HPOS="651"
                    VPOS="1384"
                    WIDTH="1883"
                    HEIGHT="77"
                    WC="0.9813651650240927"></String>
          </TextLine>
          <TextLine ID="eSc_line_ef31c8e9"
                    TAGREFS="LT315"
                    BASELINE="647 1520 1100 1506 1630 1503 1804 1514 2271 1520 2413 1536 2561 1542" 
                    HPOS="645"
                    VPOS="1459"
                    WIDTH="1916"
                    HEIGHT="90">
            <Shape><Polygon POINTS="647 1520 647 1535 676 1547 677 1547 679 1547 729 1538 866 1538 866 1536 867 1536 902 1523 1024 1531 1026 1531 1116 1517 1148 1527 1150 1527 1151 1527 1256 1517 1497 1517 1541 1525 1542 1525 1626 1517 1714 1525 1716 1525 1717 1525 1738 1517 1773 1528 1775 1528 1776 1528 1835 1519 1878 1534 1880 1534 1881 1534 1911 1530 1929 1536 1930 1536 1932 1536 2003 1527 2070 1543 2071 1543 2072 1543 2074 1543 2145 1523 2272 1546 2282 1547 2283 1549 2560 1549 2561 1542 2560 1487 2462 1487 2425 1470 2424 1470 2422 1470 2421 1470 2384 1487 2293 1487 2227 1468 2225 1468 2224 1468 2222 1468 2173 1487 2068 1487 2002 1470 2001 1470 1980 1475 1939 1459 1937 1459 1840 1459 1838 1459 1837 1459 1801 1475 1764 1459 1762 1459 1761 1459 1625 1469 1574 1459 1465 1459 1464 1459 1462 1459 1407 1475 1363 1468 1362 1468 1360 1468 1330 1480 1254 1468 1253 1468 1213 1476 1189 1466 1188 1466 1187 1466 1185 1466 1139 1486 1070 1477 1068 1477 980 1486 918 1459 917 1459 915 1459 914 1459 886 1466 852 1459 851 1459 724 1473 703 1466 702 1466 701 1466 699 1466 645 1486 647 1520"/></Shape>
	    <String CONTENT="conteuant du cote ss nommes ferranc et loui uird toye et drane lequel"
                    HPOS="645"
                    VPOS="1459"
                    WIDTH="1916"
                    HEIGHT="90"
                    WC="0.955328989719999"></String>
          </TextLine>
          <TextLine ID="eSc_line_37c13d87"
                    TAGREFS="LT315"
                    BASELINE="641 1582 1497 1570 1798 1583 2229 1587 2389 1605 2524 1609" 
                    HPOS="640"
                    VPOS="1531"
                    WIDTH="1884"
                    HEIGHT="83">
            <Shape><Polygon POINTS="641 1582 641 1604 663 1612 665 1612 666 1612 667 1612 685 1604 717 1590 771 1585 910 1605 913 1605 914 1605 915 1605 965 1589 988 1597 990 1597 991 1597 993 1597 1023 1589 1060 1596 1061 1596 1063 1596 1096 1585 1404 1585 1432 1596 1433 1596 1435 1596 1491 1585 1618 1585 1699 1598 1700 1598 1702 1598 1727 1590 1812 1607 1813 1607 1964 1598 2097 1611 2116 1612 2118 1612 2119 1612 2123 1611 2162 1596 2194 1607 2195 1607 2196 1607 2198 1607 2231 1598 2298 1612 2302 1612 2304 1614 2523 1614 2524 1609 2523 1560 2294 1560 2291 1559 2242 1536 2240 1536 2239 1536 2162 1553 2085 1532 2083 1532 2082 1532 2081 1532 2061 1538 2041 1531 2039 1531 2009 1531 2008 1531 2006 1531 1954 1553 1932 1545 1930 1545 1929 1545 1928 1545 1897 1554 1747 1549 1746 1549 1745 1549 1721 1554 1699 1560 1673 1554 1634 1546 1633 1546 1588 1547 1552 1532 1550 1532 1494 1532 1493 1532 1491 1532 1444 1552 1397 1538 1396 1538 1395 1538 1359 1545 1329 1532 1327 1532 1326 1532 1267 1546 1240 1536 1239 1536 1238 1536 1180 1545 1130 1532 1129 1532 982 1532 980 1532 979 1532 928 1550 914 1554 889 1550 800 1532 798 1532 797 1532 754 1545 716 1535 714 1535 713 1535 640 1547 641 1582"/></Shape>
	    <String CONTENT="est baui a lest pr le temr dote a mares et Selue de la aommé"
                    HPOS="640"
                    VPOS="1531"
                    WIDTH="1884"
                    HEIGHT="83"
                    WC="0.9818358247478803"></String>
          </TextLine>
          <TextLine ID="eSc_line_4cbf1fac"
                    TAGREFS="LT315"
                    BASELINE="645 1640 1699 1640 1973 1660 2490 1671" 
                    HPOS="644"
                    VPOS="1585"
                    WIDTH="1846"
                    HEIGHT="99">
            <Shape><Polygon POINTS="645 1640 644 1670 746 1671 747 1671 752 1671 838 1649 877 1659 878 1659 880 1659 1017 1658 1044 1666 1045 1666 1046 1666 1079 1659 1096 1667 1097 1667 1099 1667 1100 1667 1129 1658 1331 1660 1333 1660 1433 1652 1713 1654 1747 1670 1749 1670 1750 1670 1800 1659 1863 1673 1877 1674 1992 1678 1994 1678 2028 1674 2097 1666 2122 1674 2144 1682 2145 1682 2147 1682 2189 1676 2206 1682 2207 1682 2209 1682 2256 1677 2469 1684 2470 1684 2472 1684 2488 1676 2490 1671 2488 1626 2316 1625 2287 1611 2286 1611 2284 1611 2151 1623 2141 1623 2136 1623 2056 1605 2054 1605 2053 1605 1988 1622 1986 1622 1911 1622 1911 1620 1808 1594 1807 1594 1805 1594 1477 1597 1435 1590 1370 1590 1369 1590 1367 1590 1291 1612 1206 1589 1205 1589 1203 1589 1202 1589 1134 1609 1056 1614 1027 1605 1026 1605 1024 1605 1023 1605 999 1615 957 1615 928 1615 928 1614 892 1597 891 1597 889 1597 813 1601 778 1586 776 1586 731 1585 706 1585 705 1585 703 1585 645 1611 645 1640"/></Shape>
	    <String CONTENT="fraccsse resnur psondeur at vingt hon tose au lad pes au terie"
                    HPOS="644"
                    VPOS="1585"
                    WIDTH="1846"
                    HEIGHT="99"
                    WC="0.9472151461147493"></String>
          </TextLine>
          <TextLine ID="eSc_line_18757725"
                    TAGREFS="LT315"
                    BASELINE="639 1710 1743 1709 1979 1725 2503 1743" 
                    HPOS="637"
                    VPOS="1662"
                    WIDTH="1866"
                    HEIGHT="98">
            <Shape><Polygon POINTS="639 1710 637 1714 696 1736 698 1736 699 1736 796 1718 924 1722 925 1722 958 1718 991 1716 1195 1718 1218 1724 1260 1731 1261 1731 1326 1725 1395 1720 1428 1727 1450 1732 1451 1732 1486 1728 1512 1725 1521 1729 1539 1736 1541 1736 1542 1736 1582 1729 1638 1721 1711 1721 1742 1732 1769 1743 1771 1743 1772 1743 1820 1735 1855 1728 1877 1735 1933 1754 1935 1754 1936 1754 1937 1754 1986 1740 2052 1757 2053 1757 2054 1757 2097 1747 2143 1758 2144 1758 2461 1760 2462 1760 2464 1760 2502 1746 2503 1743 2503 1700 2363 1699 2236 1676 2235 1676 2160 1677 2159 1677 2114 1696 2056 1696 1988 1669 1987 1669 1986 1669 1908 1687 1848 1677 1846 1677 1813 1682 1778 1666 1776 1666 1775 1666 1773 1666 1756 1671 1574 1665 1572 1665 1571 1665 1541 1677 1483 1669 1481 1669 1480 1669 1459 1677 1432 1669 1431 1669 1429 1669 1331 1689 1264 1663 1262 1663 1231 1662 1229 1662 1228 1662 1180 1677 1121 1662 1119 1662 1118 1662 1116 1662 1066 1685 1026 1687 959 1669 958 1669 957 1669 880 1677 856 1669 855 1669 853 1669 757 1685 754 1685 639 1685 639 1710"/></Shape>
	    <String CONTENT="aon concede lus aur lepe legeal ee eutou et denue, et alonis pris uu"
                    HPOS="637"
                    VPOS="1662"
                    WIDTH="1866"
                    HEIGHT="98"
                    WC="0.9594160818001803"></String>
          </TextLine>
          <TextLine ID="eSc_line_39104a1b"
                    TAGREFS="LT315"
                    BASELINE="633 1765 1023 1769 1172 1776 1577 1772 2053 1802 2531 1800" 
                    HPOS="632"
                    VPOS="1716"
                    WIDTH="1899"
                    HEIGHT="106">
            <Shape><Polygon POINTS="633 1765 632 1775 705 1784 706 1784 852 1779 900 1777 907 1780 933 1790 935 1790 936 1790 937 1790 959 1780 962 1780 1015 1780 1019 1782 1137 1798 1139 1798 1214 1790 1247 1800 1249 1800 1250 1800 1344 1787 1353 1786 1360 1787 1391 1795 1392 1795 1393 1795 1432 1789 1440 1787 1673 1790 1688 1793 1860 1811 1926 1812 1928 1812 1929 1812 1970 1801 1998 1813 1999 1813 2221 1817 2222 1817 2224 1817 2251 1809 2455 1822 2457 1822 2530 1805 2531 1800 2527 1757 2475 1772 2441 1765 2440 1765 2188 1766 2163 1757 2162 1757 2160 1757 2067 1765 1990 1757 1969 1746 1965 1744 1964 1744 1962 1744 1940 1746 1867 1751 1827 1743 1796 1738 1794 1738 1771 1743 1713 1757 1685 1746 1684 1746 1683 1746 1630 1746 1616 1740 1597 1731 1596 1731 1189 1724 1188 1724 1187 1724 1167 1732 1128 1749 1090 1749 1055 1736 1053 1736 1052 1736 829 1739 790 1725 776 1720 775 1720 729 1716 728 1716 727 1716 702 1724 695 1725 688 1722 672 1716 670 1716 669 1716 633 1721 633 1765"/></Shape>
	    <String CONTENT="terrier vaque let an teprr droite de secngt tent tossdensemble es cere"
                    HPOS="632"
                    VPOS="1716"
                    WIDTH="1899"
                    HEIGHT="106"
                    WC="0.967841192654201"></String>
          </TextLine>
          <TextLine ID="eSc_line_6004aa0c"
                    TAGREFS="LT315"
                    BASELINE="629 1839 1203 1859 1758 1853 1880 1868" 
                    HPOS="628"
                    VPOS="1798"
                    WIDTH="1252"
                    HEIGHT="98">
            <Shape><Polygon POINTS="629 1839 628 1855 819 1856 827 1862 834 1867 836 1867 837 1867 838 1867 881 1864 911 1882 913 1882 914 1882 915 1882 994 1868 1064 1885 1066 1885 1067 1885 1105 1871 1121 1866 1132 1873 1139 1877 1140 1877 1141 1877 1262 1878 1264 1878 1265 1878 1269 1877 1302 1864 1319 1875 1320 1875 1322 1875 1323 1877 1397 1877 1406 1881 1408 1884 1410 1884 1411 1884 1413 1884 1429 1882 1528 1868 1604 1868 1633 1877 1634 1877 1636 1877 1692 1870 1724 1892 1728 1895 1729 1895 1731 1895 1877 1896 1880 1868 1880 1838 1783 1808 1782 1808 1669 1806 1667 1806 1666 1806 1665 1806 1637 1824 1589 1822 1588 1822 1586 1822 1545 1833 1537 1826 1535 1826 1534 1826 1532 1826 1531 1826 1530 1826 1519 1833 1517 1834 1512 1833 1439 1817 1437 1817 1436 1817 1435 1817 1413 1831 1377 1817 1375 1817 1374 1817 1373 1817 1333 1830 1329 1831 1327 1830 1294 1806 1293 1806 1291 1806 1290 1806 1289 1806 1274 1812 1239 1800 1238 1800 1119 1798 1118 1798 1116 1798 1115 1798 1072 1826 1070 1827 1045 1827 1044 1826 1026 1813 1024 1813 1023 1813 1021 1813 1020 1813 998 1824 997 1826 957 1826 955 1824 925 1804 924 1804 922 1804 921 1804 920 1804 918 1804 891 1823 875 1812 874 1812 873 1812 871 1812 870 1812 837 1823 833 1823 822 1822 750 1813 749 1813 717 1820 712 1822 706 1820 658 1802 656 1802 655 1802 654 1802 652 1802 629 1816 629 1839"/></Shape>
	    <String CONTENT="aisor et dependance tatie et cliven les le St terraiy"
                    HPOS="628"
                    VPOS="1798"
                    WIDTH="1252"
                    HEIGHT="98"
                    WC="0.9707288910757821"></String>
          </TextLine>
          <TextLine ID="eSc_line_f333dcdc"
                    TAGREFS="LT315"
                    BASELINE="637 1915 853 1915 1282 1932 1793 1934 1975 1940 2162 1958 2455 1965" 
                    HPOS="636"
                    VPOS="1863"
                    WIDTH="1819"
                    HEIGHT="127">
            <Shape><Polygon POINTS="637 1915 636 1932 836 1928 911 1937 913 1937 914 1937 931 1930 982 1943 1005 1948 1006 1948 1008 1948 1020 1944 1037 1939 1083 1946 1103 1948 1104 1948 1118 1947 1181 1936 1216 1947 1217 1947 1218 1947 1358 1940 1388 1954 1392 1955 1393 1955 1459 1959 1498 1973 1499 1973 1593 1974 1594 1974 1596 1974 1632 1961 1663 1947 1680 1955 1681 1955 1683 1955 1684 1955 1707 1948 1802 1962 1804 1962 1903 1954 1937 1969 1975 1984 1976 1984 2236 1990 2238 1990 2239 1990 2282 1977 2300 1973 2342 1979 2397 1987 2399 1987 2454 1981 2455 1965 2455 1922 2359 1921 2312 1897 2311 1897 2309 1897 2227 1911 2158 1893 2156 1893 1984 1890 1983 1890 1981 1890 1921 1910 1918 1910 1856 1908 1740 1904 1678 1882 1677 1882 1626 1882 1625 1882 1623 1882 1564 1901 1560 1901 1490 1900 1488 1899 1439 1884 1437 1884 1436 1884 1402 1888 1373 1875 1371 1875 1326 1875 1324 1875 1323 1875 1282 1892 1261 1884 1260 1884 1258 1884 1257 1884 1236 1892 1209 1889 1170 1873 1169 1873 1167 1873 1166 1873 1143 1884 1006 1888 962 1888 955 1886 900 1867 899 1867 811 1863 809 1863 808 1863 747 1881 739 1882 727 1881 662 1867 661 1867 659 1867 637 1875 637 1915"/></Shape>
	    <String CONTENT="le bout lu paursent, ctead et, compate taux cu reen exceples, Ratenis"
                    HPOS="636"
                    VPOS="1863"
                    WIDTH="1819"
                    HEIGHT="127"
                    WC="0.9609759894834049"></String>
          </TextLine>
          <TextLine ID="eSc_line_362952b1"
                    TAGREFS="LT315"
                    BASELINE="1924 1871 2483 1881" 
                    HPOS="1922"
                    VPOS="1830"
                    WIDTH="561"
                    HEIGHT="74">
            <Shape><Polygon POINTS="1924 1871 1922 1879 1975 1893 1976 1893 2076 1886 2082 1893 2083 1893 2083 1895 2085 1895 2086 1895 2088 1896 2118 1896 2118 1895 2119 1895 2121 1895 2121 1893 2129 1885 2160 1885 2198 1900 2199 1900 2200 1900 2202 1900 2203 1900 2228 1886 2286 1886 2300 1900 2300 1901 2301 1901 2302 1901 2323 1903 2450 1904 2451 1904 2452 1904 2481 1889 2483 1881 2481 1849 2373 1852 2345 1848 2271 1834 2238 1833 2236 1833 2235 1833 2233 1833 2233 1834 2225 1842 2216 1834 2216 1833 2214 1833 2213 1833 2211 1833 2176 1841 2166 1833 2166 1831 2165 1831 2163 1831 2083 1830 2082 1830 2081 1830 2079 1830 2057 1845 2054 1846 1924 1845 1924 1871"/></Shape>
	    <String CONTENT="auu et lelque"
                    HPOS="1922"
                    VPOS="1830"
                    WIDTH="561"
                    HEIGHT="74"
                    WC="0.9823380479445825"></String>
          </TextLine>
          <TextLine ID="eSc_line_b96832d7"
                    TAGREFS="LT315"
                    BASELINE="623 1980 906 1983 1035 1996 1340 2007 1793 2012 2216 2042 2514 2042" 
                    HPOS="622"
                    VPOS="1936"
                    WIDTH="1892"
                    HEIGHT="127">
            <Shape><Polygon POINTS="623 1980 622 1994 896 1999 902 2002 932 2017 933 2017 965 2019 966 2019 1061 2007 1075 2006 1085 2007 1115 2016 1116 2016 1118 2016 1166 2010 1172 2010 1181 2010 1331 2025 1333 2025 1480 2025 1497 2034 1498 2034 1499 2034 1501 2034 1521 2025 1577 2031 1578 2031 1579 2031 1604 2023 1607 2023 1918 2031 1919 2032 1983 2050 1984 2050 1986 2050 1987 2050 2020 2042 2072 2053 2381 2063 2382 2063 2513 2049 2514 2042 2514 2002 2472 1988 2470 1988 2469 1988 2400 1999 2396 1999 2381 1999 2246 1988 2245 1988 2199 1992 2159 1996 2012 1992 2002 1987 1976 1974 1975 1974 1973 1974 1972 1974 1953 1981 1932 1972 1930 1972 1929 1972 1928 1972 1891 1983 1875 1987 1844 1981 1761 1966 1760 1966 1758 1966 1725 1977 1718 1980 1709 1977 1673 1963 1672 1963 1670 1963 1669 1963 1640 1974 1629 1980 1586 1980 1508 1977 1495 1970 1475 1961 1473 1961 1472 1961 1420 1963 1402 1955 1400 1955 1167 1951 1166 1951 1103 1958 1056 1962 1005 1954 947 1946 946 1946 869 1950 823 1952 812 1948 785 1936 783 1936 782 1936 623 1941 623 1980"/></Shape>
	    <String CONTENT="ui Reuives de uoi la donatoir a dectare treer eavordil connorte saysant"
                    HPOS="622"
                    VPOS="1936"
                    WIDTH="1892"
                    HEIGHT="127"
                    WC="0.9865360226429684"></String>
          </TextLine>
          <TextLine ID="eSc_line_9de3a386"
                    TAGREFS="LT315"
                    BASELINE="619 2049 1408 2071 1812 2092 1922 2104 2101 2105 2262 2116 2513 2118" 
                    HPOS="618"
                    VPOS="2003"
                    WIDTH="1895"
                    HEIGHT="157">
            <Shape><Polygon POINTS="619 2049 618 2068 694 2071 694 2072 739 2093 740 2093 742 2093 819 2078 825 2076 830 2078 924 2114 925 2114 1030 2116 1031 2116 1032 2116 1122 2090 1137 2086 1610 2103 1630 2112 1696 2138 1698 2138 1856 2142 1857 2142 1939 2125 1953 2122 1961 2126 1983 2136 1984 2136 1986 2136 2021 2129 2026 2127 2028 2129 2068 2147 2070 2147 2130 2152 2132 2152 2188 2147 2205 2153 2206 2153 2207 2153 2209 2153 2245 2144 2272 2156 2273 2156 2275 2156 2276 2156 2290 2151 2426 2160 2428 2160 2429 2160 2457 2149 2510 2149 2513 2118 2513 2086 2264 2078 2225 2074 2178 2052 2177 2052 2176 2052 2174 2052 2149 2060 2101 2050 2100 2050 2099 2050 2052 2067 1991 2045 1990 2045 1988 2045 1987 2045 1932 2065 1885 2058 1884 2058 1882 2058 1862 2064 1797 2050 1796 2050 1734 2060 1661 2039 1659 2039 1658 2039 1656 2039 1629 2047 1563 2031 1561 2031 1560 2031 1559 2031 1531 2041 1505 2032 1504 2032 1502 2032 1501 2032 1453 2045 1389 2021 1388 2021 1258 2017 1257 2017 1256 2017 1221 2028 1174 2014 1173 2014 1037 2012 1035 2012 951 2025 906 2006 904 2006 829 2003 827 2003 742 2009 740 2009 691 2025 650 2014 648 2014 647 2014 645 2014 619 2024 619 2049"/></Shape>
	    <String CONTENT="e avant ces peute en ete contente il eu psemor des et airaces"
                    HPOS="618"
                    VPOS="2003"
                    WIDTH="1895"
                    HEIGHT="157"
                    WC="0.956215826214337"></String>
          </TextLine>
          <TextLine ID="eSc_line_fa128b22"
                    TAGREFS="LT315"
                    BASELINE="644 2160 903 2155" 
                    HPOS="643"
                    VPOS="2085"
                    WIDTH="260"
                    HEIGHT="137">
            <Shape><Polygon POINTS="644 2160 645 2222 698 2222 698 2221 699 2221 701 2221 701 2220 709 2211 738 2182 754 2191 756 2191 757 2191 758 2191 760 2191 760 2189 775 2173 793 2182 794 2182 796 2182 834 2181 836 2181 837 2181 837 2180 838 2180 844 2173 902 2181 903 2155 900 2093 873 2086 871 2086 870 2086 869 2086 858 2096 845 2105 834 2097 819 2085 818 2085 816 2085 797 2085 796 2085 794 2085 793 2085 779 2097 750 2086 749 2086 747 2086 746 2086 745 2086 745 2087 732 2098 696 2097 695 2097 694 2097 692 2097 692 2098 680 2109 679 2112 643 2112 644 2160"/></Shape>
	    <String CONTENT="peantée"
                    HPOS="643"
                    VPOS="2085"
                    WIDTH="260"
                    HEIGHT="137"
                    WC="0.9969911915915353"></String>
          </TextLine>
        </TextBlock>
        <TextBlock HPOS="980"
                   VPOS="0"
                   WIDTH="1183"
                   HEIGHT="241"
                   ID="eSc_textblock_d3f2d4dd"
                   TAGREFS="BT420">
          <Shape><Polygon POINTS="1480 0 2163 0 2163 37 1849 114 1685 119 1596 158 1249 235 1107 241 1116 218 1030 218 980 241 1019 192 1172 132 1212 93 1304 82 1480 0"/></Shape>
          <TextLine ID="eSc_line_aa8524f5"
                    TAGREFS="LT315"
                    BASELINE="1877 53 2037 35" 
                    HPOS="1873"
                    VPOS="4"
                    WIDTH="164"
                    HEIGHT="62">
            <Shape><Polygon POINTS="1878 66 2035 39 2037 35 2032 4 1896 26 1873 22 1877 53 1878 66"/></Shape>
	    <String CONTENT="cent"
                    HPOS="1873"
                    VPOS="4"
                    WIDTH="164"
                    HEIGHT="62"
                    WC="0.9991455227136612"></String>
          </TextLine>
          <TextLine ID="eSc_line_0633a9ce"
                    TAGREFS="LT315"
                    BASELINE="1651 86 1834 67" 
                    HPOS="1647"
                    VPOS="28"
                    WIDTH="190"
                    HEIGHT="80">
            <Shape><Polygon POINTS="1651 86 1654 103 1672 95 1735 95 1753 103 1754 103 1756 103 1757 103 1758 103 1758 101 1772 90 1789 104 1793 108 1794 108 1796 108 1797 108 1837 104 1834 67 1829 28 1813 28 1812 28 1811 28 1809 28 1802 34 1786 45 1775 38 1758 30 1757 30 1756 30 1725 33 1724 33 1723 33 1723 34 1707 49 1706 50 1700 50 1672 49 1670 49 1669 49 1647 59 1651 86"/></Shape>
	    <String CONTENT="aul 8"
                    HPOS="1647"
                    VPOS="28"
                    WIDTH="190"
                    HEIGHT="80"
                    WC="0.9934561848640442"></String>
          </TextLine>
          <TextLine ID="eSc_line_a45ec75a"
                    TAGREFS="LT315"
                    BASELINE="1374 114 1519 107 1625 93" 
                    HPOS="1371"
                    VPOS="48"
                    WIDTH="255"
                    HEIGHT="136">
            <Shape><Polygon POINTS="1374 114 1380 184 1408 183 1410 183 1411 183 1411 181 1413 181 1415 177 1442 145 1454 145 1479 163 1490 173 1491 173 1493 173 1494 174 1535 174 1535 173 1537 173 1538 173 1585 141 1596 133 1626 132 1625 93 1619 60 1572 67 1571 67 1570 67 1570 68 1568 68 1563 77 1501 79 1495 75 1464 48 1462 48 1461 48 1459 48 1406 50 1404 50 1403 50 1403 52 1371 86 1374 114"/></Shape>
	    <String CONTENT="Sept may"
                    HPOS="1371"
                    VPOS="48"
                    WIDTH="255"
                    HEIGHT="136"
                    WC="0.8751027770340443"></String>
          </TextLine>
        </TextBlock>
        <TextBlock HPOS="280"
                   VPOS="1107"
                   WIDTH="98"
                   HEIGHT="48"
                   ID="eSc_textblock_774e41d8"
                   TAGREFS="BT420">
          <Shape><Polygon POINTS="307 1107 329 1107 378 1138 297 1155 280 1112 307 1107"/></Shape>
        </TextBlock>
        <TextBlock HPOS="964"
                   VPOS="254"
                   WIDTH="31"
                   HEIGHT="14"
                   ID="eSc_textblock_783a770d"
                   TAGREFS="BT420">
          <Shape><Polygon POINTS="984 254 995 263 964 268 969 258 984 254"/></Shape>
        </TextBlock>
        <TextBlock HPOS="1751"
                   VPOS="2445"
                   WIDTH="32"
                   HEIGHT="32"
                   ID="eSc_textblock_58bffd42"
                   TAGREFS="BT420">
          <Shape><Polygon POINTS="1761 2445 1783 2451 1772 2477 1751 2466 1761 2445"/></Shape>
        </TextBlock>
        <TextBlock HPOS="2222"
                   VPOS="0"
                   WIDTH="107"
                   HEIGHT="31"
                   ID="eSc_textblock_61cd4784"
                   TAGREFS="BT420">
          <Shape><Polygon POINTS="2222 0 2329 0 2329 9 2236 31 2222 0"/></Shape>
        </TextBlock>
        <TextBlock HPOS="2402"
                   VPOS="264"
                   WIDTH="31"
                   HEIGHT="37"
                   ID="eSc_textblock_714a6378"
                   TAGREFS="BT420">
          <Shape><Polygon POINTS="2417 264 2433 279 2407 301 2402 269 2417 264"/></Shape>
        </TextBlock>
        <TextBlock HPOS="2605"
                   VPOS="2445"
                   WIDTH="32"
                   HEIGHT="16"
                   ID="eSc_textblock_b9b9790c"
                   TAGREFS="BT420">
          <Shape><Polygon POINTS="2616 2445 2637 2445 2637 2455 2605 2461 2616 2445"/></Shape>
        </TextBlock>
        <TextBlock HPOS="148"
                   VPOS="1085"
                   WIDTH="32"
                   HEIGHT="59"
                   ID="eSc_textblock_f4a3aa6f"
                   TAGREFS="BT420">
          <Shape><Polygon POINTS="158 1085 180 1096 169 1144 148 1122 158 1085"/></Shape>
        </TextBlock>
        <TextBlock HPOS="2644"
                   VPOS="1388"
                   WIDTH="37"
                   HEIGHT="70"
                   ID="eSc_textblock_932254ef"
                   TAGREFS="BT420">
          <Shape><Polygon POINTS="2655 1388 2681 1393 2665 1458 2644 1430 2655 1388"/></Shape>
        </TextBlock>
        <TextBlock HPOS="143"
                   VPOS="672"
                   WIDTH="213"
                   HEIGHT="119"
                   ID="eSc_textblock_c21d6ee8"
                   TAGREFS="BT420">
          <Shape><Polygon POINTS="185 672 264 699 340 694 356 714 301 753 269 736 242 791 224 747 159 764 143 742 185 672"/></Shape>
        </TextBlock>
      </PrintSpace>
    </Page>
  </Layout>
</alto>
