2479 2558
1850 31 435 85 qa 74

754 83 1692 151 Domaine Jaliaige d elatsant Juats e Mdeslaus. du V el

723 163 1734 169 pat ete teure qetre pelier doutt leut dui deuus Ceqen

709 305 509 122 frade, et Quitte

1246 244 1208 182 deip Lai du parse en per de la

709 413 469 92 duaiure acheaur.

888 397 1527 150 opartennel a la d^e mais panne comn frsent pstie du Rag cy

713 537 459 106 par elte acques dudt

1221 498 1205 91 1^ʳ magemer saivantle lese dusten pusgt ay diven

99 662 580 75 farre en les precenta

705 524 1727 178 Prapprté duquel el ema libre auye donclanc diper lestratant l expédite

95 709 581 101 au geffe pe la peuridiction

712 591 1701 159 alfan fFraie, camt prépedice du litre eaforme que lad^, inrriessenare Viblige

732 643 1698 158 leur sodreur tosgée le S^e maqueect lui auce peve artes actorié de la tutré

89 767 591 115 Repele decette suc et

723 737 1005 118 remie lec litred. det deveised ualiteon d'uiluy

51 831 675 109 pertent aitleur son besois

786 754 1563 149 rette donation ainsi faite prestes Curlife cep ervant enane it purt

2251 862 161 65 3 Lus

59 821 2348 176 Pièce les prilier at cantiné Etves le Volonté eprevé de lad^t main Jeanne, et alailarge devune doit

44 932 2378 133 epr dausce palenr auquetelle donation ca d^t donfhec heit devaite au prefst de tet douallr deteurs non

713 895 1467 105 cadesance dont cad^t poclone diliven peul le leandet jour ques

66 967 2336 144 setaet ppreurir déce sont merneurs et aeante caute de laidtes dot de prepriété el autier qu'elle anit

82 1024 2337 146 et leu requerir acte fait il privert avors sur la paliose de llavee, cy demes donn ee laquille elle vnsfel

38 1136 655 80 et jere double alaileditt

714 1075 1679 140 tout tacspert cemure et abandon amenaire venlant qu'ilsentrent men, e

88 1151 2277 116 vetac de pien mil repret el maenteur au porsesioss pcamptes de l'Epgue an leur leberté auvrera avar

73 1185 2312 152 vante lize entéluur me qui et aini qulelcppartierdil, centeluant autte fra pranvesle perlend denu

83 1300 803 74 a le Arvicce la ftanx enprenn prevors

79 1357 631 76 de Mel ollevie avaat ptet

796 1224 1592 181 caveue et pour léxenstiir dee Présésten lad^t moin Jannse V^ Vealone celé

99 1418 600 84 el Jacquer nadat testataiue

717 1308 1544 154 enadomeme encelle jui, ampuel liun, unstitant puttant, obligrant Renoa

95 1477 592 110 alepont le puresent nen

722 1351 1668 165 paur quastres el prerante témoin pour ce requesel hemmpaté l'évaift ryn Ja

713 1432 1565 149 date derngt douse le angls fanvies astant ansy et a la S^e mane prady

713 1563 195 71 aves les d^t

908 1487 1317 123 neure temondt ets nonn notaue prè tectene foite poylede

726 1550 1501 128 qui a decloré en tavois unre aesigué ve ca cafar, decer annite su pnt

719 1580 1558 149 Vure desquelles est Cent Ser tallé au port lau sle de fracne sal dopuree

733 1628 1519 172 No agué tervur que, autargne l n° 3771 fr 73 R^° Lent four, ade

726 1671 1542 173 traan du chartre des cetonas etablé a Vessalle le tant decerse aupoure

1887 1723 317 87 S^e aulle dotuy

697 1755 1183 146 Sousique que a ditiné la, presente ner. la cequisiteoid de la s^t

723 1782 1596 159 donne avet de leasenuation request, cejour shuf deux fesrie demil nse

2169 1828 133 77 ¥

709 1909 472 113 saine nppe /6. teivaint

1282 1858 764 127 Dregustré Pavaion Dougne Sucé duJuos

1260 1938 951 116 Aafale de l'Jsle de France t

2008 1973 92 56 2a

1255 2006 506 97 Ccaparente et alratent

1270 2084 140 68 Buyd

1437 2043 386 88 enregistremen t. Met

1900 2023 51 63 44

1272 2127 129 91 F

1501 2100 245 95 dit leyt ant

1900 2064 237 111 Cplan

653 2168 1558 240 Dan devant Le notatre Du Roy a liite de Prance et la doon

1826 2313 128 58 Portt

1961 2245 320 118 Mbanemi

716 2313 1072 179 apiin nommes Jonfsigné ssit péésont F. phili

736 2333 1549 223 cits domeusant au Cette Ville Ruu de melle poiser de S. Dgné

1246 2405 1043 151 ine sjouse d'étoul pasase J^ᵉ choistaphe, lequelᵉ

1977 2472 331 84 Ahaise, mal

41 466 48 56 TE
