2533 2479
1271 1 222 60 umstisie

1765 1 189 58 e unt

741 19 508 92 euivionuaire det

1995 15 120 77 fread

2133 1 336 81 Jarouvoi

747 103 325 91 Su prreeur ceste

1141 27 577 121 dquel esl erai  que

1665 55 257 97 ere lebre

2085 57 381 97 llis ai neque

728 170 539 109 viigt ung aus me

1283 100 339 128 pere et d

1376 143 451 144 passe le present

2031 144 415 102 tesvir dan

717 235 561 101 queceta el era pele

2133 216 295 100 le tuit

1882 283 210 77 merqus

716 207 1263 213 avc moi cactat marqu de moi nont, per len

1997 327 440 104 sore. de . auna

721 319 1104 150 les tecud où elle pouné le houves fait

717 404 1215 138 novembre mil sept cem tquatre vingl hoin que

1662 424 762 132 de drteffie moi Cmmannel

713 504 906 117 Missᵉ ap. plue bui est eclit

710 532 1671 159 tacorte enterpret jare du Raf pour la lauque prlegaise

710 621 1619 150 recu en la quriisiction Ressale de l'Jsle dtel France, la

717 695 1737 186 présente Laducliere ventable et confrime a Poigena prtegaie

702 797 1740 165 Cey aunesé a l'Jsle de france le vingl deux janvier aul cept ant

674 866 1739 182 quatre vrngt teit aqué lecoit plus bai es Etrit, et est

684 950 1760 179 acun en touqunal demeure jort a la menute de locte de depot e

688 1050 1710 157 expéséé des autre graite étant cesté au pouvors de Mʳ belu uu

690 1125 1625 144 ee notaires toussigdés ce purvting queare janr aul rept ant

694 1262 891 144 quetre vingt voure squs Belir.

1315 1348 1094 100 Enregistré paseur Commes quffiir pare

1283 1432 1130 106 de lapurisdiction Rasale de Jfsle de Fraue

1271 1528 1160 94 Jounique lees L'expédition amoi De presente

1269 1604 1130 92 et a lertant aadue arès mention faitt sur

1267 1680 794 89 ccelleou present enrequutrement

1358 1766 1075 120 Au port touis Jsle de France le quatre

1252 1871 1090 148 putletoul cept ceut quatre vingt daire/.
