2650 2479
2038 1 146 45 11

1809 27 234 66 arcnal d

1903 84 186 114 ving

742 136 1140 136 Contme. Car auisq à été fais dicté acomme

2191 141 386 94 ane Freudit

739 205 1437 179 Louis gevent notaire a des Temoins cy avrer nomme, Ce d elle Lestron

1889 229 752 122 par Ladite Testatrice a m^. Jeau B^e

727 267 1336 192 Sou Testament un auot Lun après Lntre, elle ià declaré Lavoit

2209 334 15 50 4

2194 333 451 103 faites deux fois du Pres

699 351 1945 248 Ce entendu, qu'il Contient da libre aderniere Volonté, qu'ille lun être Eiccatté après Son

2075 420 563 100 Parfaitement Bien Compris

728 437 467 93 daces nonobstat toute

1212 494 1384 178 Coses à C Contraire. fui Ateu à La reviire des Calbane Sur

713 521 912 146 Lhabitation au demeure La d^e Testatrice

717 600 716 135 Compagnée à dit Heures du matin

1658 629 946 151 aui une petit Chambre à Eeté de La Selle d

1465 680 1142 191 Eu presence du S Pierre a len Pay, a du S Frar nolhnre

713 699 791 128 Tous de Pabitant du distriel des

1523 786 478 110 p amplemousser Temoins

712 786 431 84 avel Lu dite Testatree

1198 833 1399 198 Ce nous notaire C four Vingt huis may mil Spt Cet quatrt Jungre

2002 859 612 98 pour Ce requis qui uls Signe

714 867 341 91 douze, Les pren

1108 897 1491 213 es delivreci en Brevi à La requisition de La d^e pestatrice auist Signé

714 961 714 102 8. Bacu Lery Chesbien a gevin

1415 1032 1160 149 En marge En Ceit Sutte Les d^e Jouvaau lus Bar Coutrotle

713 1045 742 164 au pon lduiofle de fentice les quaat

1515 1111 1044 161 gt Signe Servier qui à uarque l quarante Sols

1440 1258 1127 93 Juregutré par moi Toummel guffier pur

1384 1353 1153 79 La furisdcteont Rayale de lfote se Frace esoe

1004 1373 239 111 Le fese

1341 1419 1205 105 Sur lexpedition aur Repesenté Let elptie

1381 1505 1136 81 reudice aprer meution faite levcule du prant

1381 1570 1132 101 enregistrement Da pit fais ple de feait

1352 1637 1150 146 le Quate juie mil cap cant quatie tant

1371 1758 277 104 douz.

768 1994 1734 124 Pardevau nere Fouis leury Dunand notaire du R¬

721 2090 1800 124 aJsle de france loisque et les temoin cy opre uoriemie Sul près

684 2185 1810 101 ieur aactoin labora Marchaud feld se deffant blaise Laboue

691 2282 1792 81 de morqecerde deteur, aa lef du lieu se badalhat paroise de Boulh

707 2357 1751 87 eu Luverque denaurant ecelte velle du pil et pacerse S^t lant4
