3233 2479
836 77 2344 144 Murie Josephe negrene libre trouved par nont dont nine Chanbre deper

800 220 1313 98 d'un Cole apcertennde eux Nonuer Souile

2117 158 1080 95 Ee marie Jraie ce Crcile tibri

814 289 1398 110 sir ennte vilee du Pat Ed Baroise S Louie

2232 252 967 77 Rrir at fouilere se aréde

815 352 2391 131 marie Josogl dne Soutit malede ece Coope e unce touter foii d 'Espris

823 475 1369 91 vvore Ee retredenan ansi queil aoud est y

2239 417 929 127 aie p srt Riscoure C

815 553 298 90 Entretient.

1107 582 2098 119 La gelle dans ladiüe ced lebert aprèr avoir pcamandé sors ane

1140 578 44 59 4

829 665 2364 128 die Ee Sugféé s Bisne Mn jerle ce lui faire Misericonde, nons fu

838 778 1164 88 le aute feilelet nns qu el Puit.

975 853 2211 102 de Bey d entedequee tout reques Je detemarie au jour aee Noleve

837 958 2183 77 Dud foit Ee aytinr a Moinne felite age de trini ce

3031 903 151 95 Ee

823 1031 2335 99 hsoirr aye acct diphit moir uen deux eufert estent eyne Veir tle

829 1136 1167 74 le êfer cnr lagelain Tint

940 1220 2242 95 Je Mouuse pour Exéudter le prises testent la Mounde fuut prerle

814 1305 2358 103 lilre que Ja pir d'En prendue la parr lt aet vocloir lain ne

774 1414 1493 87 donneCiter doruerd marge ece soin cemtie

1009 1510 2189 102 la fet anis fait le dule poluerite teblin à coit dirsentaire

844 1576 2258 113 Ee cessite à elle por cor la et oelui qu elee die biir Eentadre tey

838 1673 2317 88 perseserel aen teut Louie sile aec fmsie  Eu lacha be Cosdisigné ce Drs

790 1754 2015 105 e S. Pitepe auqute le Bel Curivand Chete M Bay

2852 1750 254 85 E 3

823 1845 2295 92 Suemoir gloud Titoyedneureur tour dux Rale De sosilla

832 1934 2241 105 tanvir pourrele rogeens te applér le vingt aour Mort Sept au

836 2043 2326 93 que trevigt douze à aqun leures cen relevre le vstatoin uure a dectore n

832 2126 2321 103 pervoir Coire ui Pegur de ca Engaie soive lordonnau e

812 2218 2343 99 Lertensinn oit digan, avec nmur ustuund cer posssue de lidat le Brer

812 2301 996 98 fas la tregiliod^te ae Pitatonr

1002 2397 1049 79 Jl as aussi en Porigeit udit

2069 2404 74 73 Por
