2917 2479
615 1 594 96 douxe qu /. tenant

1327 1 970 83 Sdrequutie Savaur Soe Juirdy

2564 56 201 74 Meveu

1297 42 832 128 Aasale de l'Jsle de france samge

2181 104 191 75 dent

1998 150 36 30 2

2597 108 139 72 1

2485 163 54 78 1

1293 125 662 95 Ccpeseuté et alastante

2258 145 204 79 Jfol d

2171 162 69 56 4

1309 174 744 93 duprant eurequitren t. Mi

2052 203 406 106 he Aplae

1561 234 382 104 Mit leyr aut

1318 258 67 80 me

2539 358 35 78 3

537 349 1981 182 Sar devant Le notaire du Ror à liste de France et la todi

618 448 2063 181 apin nommer Joussigné Jut eprésont Se xtilie qoul di

534 560 2146 163 dhatit demeusont au Cette Ville Ren de Mmola maisen de S^t Asgine,

535 650 2180 155 natif de cheteau an torsaine dicuse iétaul paseie fe chuitepte, lequell.

527 743 2204 130 étant dous uu oppastemont desa d^ᵉ moison vou sur un Chaise, male

528 830 2227 145 de Corpr, mais néamains Sainn dsprit memoins et entendment diny ylil

524 921 2207 118 ut appain aux dtta notaire et temoins, dons la vui delainnt Cousye

520 998 2234 128 d'eu itse pesene avant d'evoir quis ordre a sin iffoie à feit dien et m

510 1078 2265 135 seprient sou lestamant et otdonnmce de denis Vetan qu'il Veut et te

504 1170 1811 149 ie exventéés apès Sa mort de la monne det musy qu'il sit.

560 1262 2216 144 Veut et entere ledit testateur que la M^e nonette negrenMalabarde

494 1344 2239 136 Son enlave ogée denvison Vingt a vinge dens anx, soit ansitot Son ésis

508 1424 2225 150 afrotichie dotonte Sesvisnde qu'a Eet effet son Pnteme sesteie

512 1528 2246 124 cy après nommé ferc stont lequi Sisa nunaire pour fdite appreuver s

509 1618 2103 122 dibosté, et pour que sa dt monette ne coit point à charge a la Polonse

509 1721 2208 113 de testatonre lui donne et leque la Jomme de sos Moisse irsis et ua mis

499 1819 1595 99 Moslaban nomme lémillé ae luetet Son lnvan.

618 1908 2093 111 Et quant au fisplur de ses biens le lestatam len donne et legnea

502 1998 2186 151 M. Jsluboir banbondet Lobaden fe Jle pour per lui et sevre duy

2656 2141 75 57 ter

2596 2233 48 84 7

2583 2421 48 56 4
