2975 2479
253 174 293 390 donte

1851 59 113 74 des

2165 129 406 114 Hecoumatie

2643 123 53 148 8

2075 188 562 152 es malodies dont il

2868 274 45 89 6

757 257 1132 209 Jean et François ses Enfftons au sii Créutese

2452 330 196 95 ale Lib

2674 373 106 71 ae

2863 370 107 105 De

685 305 1349 237 Pe fedites Serviüet qu'elle lui a rendus dans toutes

2884 457 53 91 d.

746 267 2016 349 affligé et pour ne point la mettre dans le Cas duun a charge à la tolade

750 400 1657 269 Ainii que ser de Enfant il veut et Eortend qu'auesi tot que la

2902 557 66 72 5

758 443 1887 284 Ausa ete acodée par Les soins de son iaccutenr testamentant le a

2903 678 8 32 3

739 520 1990 270 Nommé il lui soit Compte et Numesé une sosume ce linqemette ledret is

2670 699 112 97 fen

2904 710 64 81 4l

743 604 2039 251 Ee Monnoye de cette Colonie aisi que ses dᵗ pour lui accheter sort le qu

743 683 1926 260 foit une Mouton à la Volonté de la dtes Marse fançaire tommé cecey

728 760 1919 261 aeuit des Fraix genérulement génératement queleoncquel que seront fait

738 835 2053 250 parseuir à lui procurer la Libisté de meme que les droitt de Commeure Etable aey

710 918 2132 215 Les affranchissement soient Suppartis par Sa Suce ssiore afire que celte Re

2710 1048 134 73 ver

740 1013 1956 186 te ses Enfant touchent la dSomme de lincy melle aivrit nelle le de que le

844 1097 1840 190 Jline donne Et legue au Sᵗ Distrand bigot scond tounitesdr

757 1172 2070 181 lon loui une somme de quinze lent Livret au sri Monnoiye de telle Jsle

702 1262 2052 157 Vois payyér Et le ln reconnaissance des servuet qu'il lui a resndut duns loé

712 1331 2005 157 le nit E de leur cenccenne Anmitié laquelle somme serse prise sur le plen

731 1448 866 113 te le plus apparent de ses bient

780 1468 2049 169 pleni veut et Entend que tout ses bient au ssntot son deces soient Ver les

713 1563 2016 137 par son Executeur testermentaire pour le prelent être Remir a sa sa

720 1649 2024 122 En France. Voulant au sri que rien ne peuifre se faire sans le Conrur

2758 1687 75 53 dee

729 1747 2024 87 Es la participation de Nout d Notaire aEante de d'ancienne Connais

739 1817 2019 94 qui a Exitté Estre lui et Nout. entendant de plus qul le s^e Martin

735 1900 2106 96 louiste de c'effet du buil qu'il lui a pafré sur qu'a d'expisatiosn se

648 1983 1489 75 Paux Charget canset et Conditiont y Enonccet

734 2064 2034 92 Ee pour Executer de pretent testamen le d feer testatur a cha

2732 2024 124 83 res

720 2134 2038 116 Et Nommé la pertousse du S^er Adam La Gravelle chisurgun de celte

2747 2137 142 88 ce

739 2215 2018 108 qu'il pue d'en prenbre la peine et lui Rendre le derniur service

734 2291 2016 131 Dit aisissant de cet effet de tout ses biens entre ses maisis suiv ant

743 2371 375 76 Contume

2238 1 140 54 Nevu
