3292 2479
2526 1 380 100 du temoins

789 72 1724 210 Pardev at Li notairer du roy à LJle de France, Sossigne ce

669 268 853 102 cy apris ndenmes, fut presente dame

1545 93 1275 236 Theresse Julieune Dronard Juive Eu Seconde nocer dud

661 199 2329 247 trancois Bauai, La dite dame agé de Soirante quettre Cens nalif de d'malo ccy Presente

644 308 2360 223 Sur son habitation Sise au distri du pamplemouses, dans une petite Chaniore savralle

2739 422 256 101 et loui

657 413 2044 188 Let malade de Corpt mais Sain Sesprit memoire ce entendement Selon qu'il En

659 582 927 88 au du notaire a Temoins Soussignée

753 564 1974 189 Laquelle Et lue de La mo e Traiquant d'eu Etre Surprise à Cait Ddécté Son Cestan

658 661 2355 150 brdonnana de dernière Volonté porlo être Ede entré après son décé de La maniere ce t pour lui

657 809 140 101 Sui

702 767 2347 190 famierement La dite Testatre danne a Sei Cers mineurs patée c à Valantie Prleritot Jera me

657 858 2352 176 Petit fils Tous Lu Bieur qu'elle Laisserai queratement quel congue au sour de Sou deces ait sai nu

662 970 2355 146 que Lese cuteur Destamentaire cy apris nommé Leur fusse delivrir quend il Sera neustai p treil par ay

769 1053 2269 134 La d^e Testatice donné à M. Jaqu Sa Voisine pour Laquelle elle i La luis ppayfe pole age atte

655 1152 2028 112 Ce que Lui à donné de Tous Tempt Les pronmimey d'attachement les plus Sincires, unt Juine s

2761 1177 236 101 ell atté

3108 1178 18 46 4

636 1238 2131 103 de douze au nommé Toustame, elle Lui donne de plus Tout Le Linge hardiq ce qeralement ter

661 1335 838 83 En a Sou mage Sans en rieu Exe cepter

695 1367 2269 125 La Nommé Gitonne negusse Ceolle appartenant aus Mineurs laté, ayant une litiie fille

666 1472 2462 103 de qaatre mois qui appartient au S hery Je demande qu'elle Soû donné au de S Hery fils moyennant

655 1556 2350 98 que ce deriir fournira au Jeuine oit Capors qui tendra Liem de remplacement oour denfant de la de

648 1669 212 60 gelvnne.

637 1696 2323 110 Je prie Mousieur Dusignon de Vouloir Bun être La tateur du mineurs Paté à M Mler dêtre

655 1777 2321 120 Eur Subrogé bateur Jattends deux Cette marque d'amitié en reisou de Celle qui moin Temoignur

640 1878 488 88 dans Pous Le Teurs.

707 1906 2280 118 de pour Ee acter de Present son Cestamet elle à fait ci nomme pour Son Ercentent testamentts

640 1996 2343 104 La personne det S Barbur major de La natto demeurant a lamplemousses quelle lrie de Pouloir

633 2080 2343 108 Dien Eu preudre La peine par saite de Lamitié qu'elle à tojours remarqué de Lu Part du S^

641 2169 2354 119 Lebarbar ce edesaiittiaute à le efu cu lu mains da Tous ce Chamu Sa Ban Suivan La

1428 1 102 40 &e
