2725 2479
869 99 1671 184 d° De Bourgioit. Molade de Copt mois néamoins sin desprit

854 194 1774 164 ménoire et entendemont ainsy qu'il est appain auxe dit, notoire

845 285 1771 124 et Demoins, dons la lue dela mort paiquant den être prevenu

838 367 1794 119 avant davoir miscordie a ses affoites afait dicté et nommé Sept

832 453 1647 113 son testamont et etdonaine de desmienr Bolontés qu'il Vindes

826 515 1846 144 Entend ete Cduuttes apès pmo de la manior aimsy qu'il

818 648 164 95 fuit.

833 797 1756 87 noumée morqueritse negresos Cséole Son nlave itte dela not

918 701 1593 117 Veut et entend le dit hitateir qu'onsitotr son duis la

2417 761 185 57 reprer

807 871 1794 101 pessine uqusse Cinote Baptie aua pomplemonsest, Soit

804 955 1861 91 declaré et mome Liose, affranchie de toute Bioinde pint

812 1027 1812 106 lon Evoustour Cy apes nommé de foise lomt ls demsschet

752 1110 1902 103 Suiessonma Cettgaiet pou que la d masgnesite ne sose

781 1181 1664 120 point a chigdala Colonie, le testatour lui denne et legue

776 1269 1859 124 dou peulave nommes, lun Rochefo noir Vatgoche agé d'Evon.

2493 1261 131 73 ame

763 1353 1627 119 Conquante aus  loutre, Sidre de Coste mozambigne agd

749 1457 1701 93 d'envisan Mante aus, plu toute La gas de robeit tout Veye

2596 1451 43 47 4

756 1534 1683 114 meubles qui sl houvosont le jour de fon diun, pour par la s

746 1614 1911 148 measquetitte Jouir de la d^ gasduobe et Meublet en toute propriècé

2569 1614 71 56 D

745 1705 1770 136 et des deus enlante sus dits en uoufmit squ'a Sa majoité

746 1802 1748 142 a laquelle époque Soulement, la propuité Se houi Reunie au

737 1885 1771 143 sa fomur et dons leyax ou la d^e Mesquetite d'écéditoit qut

716 1968 1794 179 sa Mojorité, la propueté dos dits det Dselan dapportiene a da

717 2045 1688 175 D^e Roine Suzasdin Epauve du S Jau de Frasoi Bomqrois

717 2141 1768 197 à loqnelle donx ce cas partiitier de holateur les Donne et legié

2605 2209 16 38 3

814 2246 1596 188 Et quant au liplus de ses biens le testolur lu douert

701 2312 1215 161 san ovenner Deption queleonque a D^e Mosse

840 2406 151 71 oud

2432 2383 116 94 Jue.
