3508 2321
86 74 84 87 een

86 718 97 116 are

811 1 1059 80 ai Ciuy Enfana deatioretit favou

675 23 2095 142 Jean ae Jean Louis Toquine Son legatement Cheri vot auxquels mon sutntionesesole

2606 152 174 43 e

2610 81 191 53 re ds

661 149 788 90 de faire au Sors rqal et ne..

874 188 1951 121 de donne & Legue re Chae de miir dit ceefand la sermemes quale

647 293 1985 126 huit Mitte Livred Saisant puarante mille Livredt Mounoy

653 399 2024 107 Courante pour cex toudt, Laquelle pome se vuxetre Payee pairemon

631 478 2039 106 Lgataire mid al Gaprert y Ponuie, Dout huit mitte Livredr ce Chacue

648 567 2021 100 des dits Sambe  futre me au apridt mon dient avec l'qutérit ly epres

2694 515 144 102 Losle

651 640 2200 85 de teranne Ile furplus des quarante mille livredi a mel tonr crcte lu fauc ent

646 718 2125 94 Cathetine, Jean et Jean Louist hann peur tiers à l'Epoque Secleue

646 790 2072 110 Majorité &urqu'a ce l'Jutixet Sur lepied de leuy pour Cent par aupor

648 880 1078 92 Servite d Lieu Ducation le Eistatiin ;

860 949 1794 112 Pus je donne s Legue à la dite Cattiance ma Silte une eeg

2571 1010 308 58 la a Nont

650 1050 2245 111 N^e Sophie à mai appartenante, je donne ausi a ma dite Sille le prevence

643 1141 2167 99 deux Enfaud Junseaux nit de la dite Coptue Deusin je declare fur

2649 1136 141 42 t

2820 1138 81 68 2

633 1230 1872 86 Nod Jeticité auste Negresse Lui appartient à elle Cathesine Comme

2540 1196 178 84 Suit.

631 1303 986 98 eté Donniée par fui M. Dochel.

2525 1253 470 121 audé son aoxe

861 1374 1720 104 Le far Nustitue S^e Jeau Saptiste Le Roy B0

2596 1350 374 92 oir apris Son

655 1473 2277 93 publie au dis Ceuton de la Rivièse Noire, mon legataire auivor aquetle f

640 1633 2429 151 habitant mon voisen que se prie de voutoir bien en prendre la prine; terié

795 1558 2130 102 de nomme pour Exécuteur du présent testament M. Doyer peu celte

2776 1615 195 93 Racq

3002 1587 55 54 2

892 1738 1968 160 e dectare more que lest Nommis Jouph Le veilles Pierre noirie

2872 1825 85 143 e
