2356 2365
1624 2 35 30 3

1371 1 234 59 Moeq Nois

1052 19 298 90 franton

1645 3 370 100 Plue

1378 65 227 105 parosir

2178 68 101 79 lears

1014 116 198 83 Velle

1923 78 230 115 Gorre

1006 193 269 81 nommel

1317 130 571 118 alua Fellequar sou

2086 191 163 101 vapret

997 211 1004 150 bieu Dament authousi a l'affil

1013 283 1266 163 Reprutan pur oau aoir de le uomme

1006 367 1233 175 jeanne fracconelleur felle came m ut

881 461 1297 156 Pisialé et de lou Tonsenturen dantre

1003 545 1183 188 quet en u étée extiant ceque seit

449 696 1769 163 Et pour testere et l'amitie que les fullr out dit se pales

409 809 1791 134 tous tauthousalion deleus pore et uure et tuteud ad hor comm

399 892 1841 138 dessus le u efont par de puuate fadt donation prui et Vmple

403 993 1847 118 entesifs malurle egale et Nen proque enta mentre Jour que

398 1090 1850 109 dosation puisse dalois leu profet du turvesautdit falun, ce accepte

388 1160 1866 115 Despectiorment pour led^t Parvisant lavoir par ledit poseple naefenr

421 1240 1846 113 grus le falusn vou fure et par les leudig d la fertire par la

398 1333 1850 97 Sectere reux felle de tout et au ehame les tient maubles R

399 1415 1882 102 eaette acquels conquelse proqper demir complars delle aclive e

402 1529 1886 80 autier bent que le nousernt dus Dapparteurs au pemoasens u

409 1614 1879 84 falur au jour deton deui enquetques leeux qu'els er houvant dut

396 1697 1816 80 et selain il aquetques tomme que letri peissen Pexvntes par par

377 1767 1909 82 le survivant dit falare en jouix fand et diyond en tonte Proyriete au

374 1860 1908 71 mapur dupresente acompter du jout sa den du Gremouraal da

371 1928 1912 83 Jalurs peruivie qu'aud jour it a yait amuu enfant vesant rue

375 2019 1904 79 au a reante dud aringe mait Sil yeu avorlit quele veuxea

387 2096 1854 100 ansente a dender en imnoite, mene eun aejorte taus cavorr été
