2733 2479
1518 2 607 44 S Ii 18te por

1399 8 1316 153 deupMay Mit sept Cont quotre Jngt dat

2198 125 92 102 2

2159 158 264 158 Jie

133 265 430 99 23 mait 1792

110 322 2599 183 Dut pasle N^e Pardevant les notaire du RafalJse de France huquel .

340 404 41 69 2

2648 385 78 68 d

88 446 2618 184 Dait Lavear au present le nomme Dait lavear auneu plongens au mmoiie dat

104 629 522 120 grofit de la N

639 527 2038 149 efit de Vamienne Compaquee des endet demenrant estatementau gan

2665 552 59 91 nit

730 593 1947 149 du pal Dombre paronse nohe dame, tant ce jous pil et paror

2635 683 91 64 114

59 740 551 100 Maru Leruse.

797 750 266 102 Ptouis

2639 751 82 89 T

749 801 1855 158 Lequel adit que deyuel teeule seyt aud qu'il eit drat cettet

727 886 1930 152 il a lonjours lavaille Pavec Tiancony de prur, it que leagrnd teuy y

716 979 1978 153 pouedé quelquectou vil ae le dort qu'aux souit a latente, it ala grend dt

694 1075 1910 124 Econonme de la nomme mane Louise aequse de Ceste bengalie, ave

2632 1074 77 78 uil

724 1140 1890 121 et Vit de prees le moment qu'il est Saivi en cette Jsle que layant

712 1229 1905 105 considire tomme lou Epouse d'apres les toix detou prefs mansqu'il le

712 1306 1903 107 actatée il teut enfaittistement lansee dans tentavage se acde de cert

714 1364 1896 133 de ertonne tage il a étoit venu au duvat des Edeements

701 1457 1877 118 recontet qu'ef Etoit mcévaire de lui avarer la hanquilité, en lai

736 1559 332 90 1a libite.

1102 1587 31 50 1

792 1629 1796 118 Qu Emousequenre it a fait maintister tou inteation se le Mis

690 1732 1913 94 lebre par la lou des papres publie, en confremté de lareté dunu

690 1800 1965 114 colorme ecelle d^e Jslel, et que suivant certifuat de M^é le pommon

694 1895 1959 88 quieral audit endatte du jout oleuis pssonne a le forme osyonlane

590 1980 2065 83 Palle exune d'equeté et de fastue, mant que prrur achevir tou bivrage ble

698 2046 1989 90 uttre ladt marie Lous lou Epouse dane le cal ducpas lessl e du

694 2125 1992 85 a la Jolounie et declare par cec precerses lui fore doualion presi aarsus

695 2220 1985 86 rrévocable et exteife, et en la accelleur forne que dernstion prus sand

697 2284 1979 104 lad^t amant teus e prir ce pesente et amptaute detou del au teanne s a

701 2359 1814 107 a lue apperhacal il que Cerisesent en au uree de terrant tetui

2547 2408 143 62 ant
