2356 2442
375 8 927 114 bas eit le vice nque lSuvy

1335 1 157 42 eerumi

477 20 1811 186 De laquelle jrece le d^t M^ Pelin test Marge, aud^. Liber de

355 128 1835 197 de pot opre qu'elle a été grea lableren testeffu voutable par

346 215 1886 200 lad comprante eu preseilie ds notair touveques sen Jacte

351 375 1059 148 requs Dorhroye fait et pase

1434 306 843 109 Jouble selose led tais

309 423 2000 168 port touie Julé de feance de leteur e lan milsep ant quatre vingtrept

280 541 1900 126 le teure ertotre apris andy la lad^e soplue decland, actavoir

313 624 1768 138 cerne ne lequer quorque de ce Caquiser et enterpelle leuvant

310 735 1884 121 Vordonnaice deux mmnute ds precentes demeure au pouvers de M.

344 832 1872 114 Deleu lien des notairre toussigues ensente de tuur desquelles et

317 932 1933 116 ecril controlle au pat touit Jsle de france le vingt veux ortotre

312 1039 1905 100 ul lepreent quelre vingt iept Rent vingt tols ieque tourailte

803 1181 926 114 duu la tesmur de l'ammure

328 1296 1931 113 Ja loisque deuteur det irire de tamée française dous L'eade

206 1406 2094 146 ierteffie qu'un Recompeure de la fidilité et des bous tmouequule

283 1528 2030 128 m'a cenvur la nommes toplue nequve teegalie mon Esntase agce

280 1610 2020 171 d'cisnon vingl lix aus pleu duve in liberté ann qu'a

260 1720 2056 164 tou fils crér uvnne par dere t le pourout du prer que leur

252 1831 2061 157 tera aoune le pesent acte de libeste, ou duput de ua u de14

2244 1784 14 33 8

261 1915 1998 182 en enivort quelqu'auideu cevant deleur avois reun car telle est

249 2017 2058 197 ma ostoute déctarée devant M. ply d'asbquy qraud prérot de

230 2109 1522 216 Varaie Seduaice dans Vnde agondetour re leutt

1803 2210 424 130 tret Jaut sept
