2967 2479
95 677 33 114 4

837 221 1814 252 toute prpièré, Pinstitt an soy son exitame destomentaire.

962 336 1748 239 Et fut inoy feit dut et nomme par le dit Testatemme a

825 413 2095 242 Me pelle gua Balu notaise du Roy Dementse Jill ne

807 538 1975 215 de Lhopitat au sjiesse per dianxmaitre sos donnier demensot en

785 622 2150 224 resse Ville Rn des Demes, au f Jean pièse Dobaze au cosgisté encosse

794 725 2117 203 Ville y demonsant Rue de Nolle témoinn pour erequés et onpres apettes

797 809 2136 206 en presence desquels le pisent lulamnt ayont été lt et Resû un mort

794 904 2135 197 apiès Voute il a déclase y pessister et etse ses desiese Volontés, qu'il

789 995 2135 186 Veut et entos être exmtéer après sa mot Rmognant tous aunes setor

783 1101 2144 159 et Codicilles qu'il onsoit ppu foire avent ses presantes pour possctir à feil

776 1177 2111 178 foit et Posé au Brevec à la Ragnisition du det Estatace al pose Vais Jfie

765 1275 2117 149 de fance enla susdite maison le lundy Vinge fex mais e Run fet vonet quane

757 1344 2160 161 Vinge douze aoin heuses deslméet le sestaa Jinéavc e lo

757 1402 2170 177 de notaire Consg figné Goudée, Posda Docezl et Dolu En marge eut le

752 1497 2169 180 sontrofté au Poe Louis Jsle da Fronce le dixhuit avnt Mit Sept Cont quare

730 1593 1698 172 Lotinge donze signé servier qui l'Masque Reu quatonte sols. s

1483 1666 1417 147 Enegistré par moi commin Gefffecr Jnsé du Bagee

1464 1765 1414 121 dels foigne Sur l'oigmal a Repesinie et a l'uisdot

1458 1862 1276 86 Bondu optes mention foite sur nitui du prsemet

1458 1925 1448 114 Emigistrement. Au Port Souis ale du fome te

1457 2005 1381 125 six vent ainSilet sept Cont quata l'ine domp./.

2300 2104 182 184 Jatenr

97 1963 99 64 dt

206 2214 186 138 Nu

455 2211 368 109 abre 1794

1114 2374 16 34 3

1187 2383 9 43 1
