3450 2479
238 2 788 80 eie heut iclie ne gresta masarmbin

771 1 219 38 dig

234 1 2015 116 que lanie heluu ene gresseexcefluatre heurih de Relevie, La

2981 1 256 44 deer61

290 89 729 73 a fitie de pte demiere née

252 172 694 77 sse cresla lacue Ritagre

285 134 685 72 polus la lcce marqueritte

2134 15 733 144 par mous notaire

2875 85 402 95 ¬renute

257 213 808 81 de masambique Es laut sedlinges

975 104 1134 142 Eenire  Signée de le Cuquiss

261 257 692 72 les et hardes a l'usage de la

263 302 736 78 tie Et qui se trouveront lui

257 345 742 90 reuir au jur de Son dces

987 168 1738 195 d'ordounauce Lesstuurir outfigue avec avcrt la

972 341 37 23 8

258 409 725 81 Donnete leque doplus aud

998 228 2290 240 délivrut eu Brevel Sur la Requisition de la testatrice acusy

2950 338 411 106 Darge les

239 396 2676 159 ichel deux toctes dérorales des Ftangi Labitant & Durand Mo. Delle en et

231 521 821 75 ¬moetre don et tous les autres

225 572 813 79 uz qui sa Prouveront le jeur de

283 628 102 48 cens

287 560 3061 208 Donue et Legue lad^e testatrice Vert Ainsy au Brivelosiqunat du dit test ament Sign

1012 600 412 96 bour San.

256 731 749 67 e Benouard y divant dieur

236 787 773 64 cheuardiere une boete dar

1023 807 7 31 1

228 706 3113 212 de un Etuy dor et un pêtit Ceasupte t Dépou pour Minute au dit M^e Dusauded

224 893 753 61 ¬de caste masaubique né

203 840 3131 190 der auit que la uée gegnte l'unn dest soussiquée par aite du Set sapteeutre Milse

212 998 461 70 esse mil hareste

209 1103 694 64 uo par les dit Sieurs

968 973 2367 167 Ceut quatrevingt duze Dcnnens Coutrote le tout Demenie res

217 1093 3111 175 het et Nenouard jouir de posussion du d Me Duraud^ ansy siqué Desrand, eu un

231 1217 704 78 lou dits Bieut en toute

220 1268 1479 110 precte et pour Exeuiten Sellé les d. Jourr san

206 1345 836 68 nrésent testament la testatrice

199 1404 811 64 choite Et nomme la persanue.

214 1463 794 53 sieur un chet mploge du

191 1506 735 75 t Emtre les mans duques

191 1567 733 67 se Desaitis de tout Set

228 1629 694 69 fuitant la poutenue

213 1691 715 71 Cesut auit fait diclé

176 1758 753 73 nontmepar lad. Eestatrue

165 1817 807 71 u pierre jse Dalu nataire

162 1871 782 70 roi Et jean baptis le Louis

157 1922 816 77 vin aussi iintaire Et tecture

158 1979 719 73 nn faite du présent sen

168 2032 816 80 tament, ne mat a près l'antre

117 2098 805 65 le a declare y persister et

112 2156 677 64 Jue So derière va lonté

213 2218 762 98 fait Et pasté En Brevet

282 2298 786 81 rrequitision de la lestatriie

340 2355 618 89 Louis Ile de paiu en

1809 1429 1521 120 Enegistre Par Moor Commir Ge

1855 1571 1392 118 Juse de lu Jusisdiction Royale de

1791 1678 1466 159 de Fance au lExpet en a moi Repre

3244 1615 105 81 ie

1801 1811 1423 147 da L'uistaut Rétire aprui meution

1819 1917 1445 150 du preeut Erregistremeeet, Port Louis

1817 2068 1072 143 de France Ce Dix sex tembt

1808 2173 552 155 cent quatrevng

3001 2131 95 89 ¥

3148 2149 70 113 4

2458 2221 168 87 Dex

2681 2268 156 80 2.

3253 2207 17 44 2

2863 2284 211 172 He fer
