2825 2479
374 341 923 152 Mariage de charte

1318 386 60 71 1

458 487 887 172 Marie Jeanne Dittq

1747 468 978 113 Suu Serchart des conditions

1490 566 1222 107 demoriage passé sevant M^ᵉ belue et oil

652 640 619 106 Jean Marie

1440 628 1342 136 confere nstaires du loy encelle fele le tuut

745 736 409 120 Lamerville

1442 707 1304 120 pur demies con trotie le quatoire saivant,

1391 794 1351 113 entre la aommée marie panne Tity uequse

1413 885 1325 98 libre decmeurant a ordmainemen antiund le

1420 950 1246 136 prtou quartier ses pamplemoussesaparoisee

1395 1009 1363 151 Fraeers staut ceprir encette velle du prbtour

1431 1110 1294 114 garoive P. touis Reputant pour Dau nont

1406 1183 1321 119 de Charle marce paaune telty Lon Seldenmeur

1403 1258 1270 121 taitteur d'habite demeurant hent velle et

1413 1344 1307 135 paroine Sᵗ Loui cei presentel de tou consentenne

1391 1454 352 122 d'une part

1852 1498 152 95 Et

1398 1559 1292 104 jear marie tamervelle noir libre Nabstant

1285 1634 1294 112 Dureuran adinaiiemen tand^t quartreset

1396 1716 1230 104 paroive tant ce jour lent^e selle et paroise

1359 1779 1251 116 . tour Reputaat pour vau nom de maril

1360 1863 1284 111 ttense Lomervile la felle memeure, praurr de

1337 1944 1300 113 Sor manage avec de freute la nommée, feancoie

1352 2012 1302 108 sa fenae lad^e mane therese ci preenle et

1363 2098 1299 98 de tou Crisentement dantés ports au a

1344 2177 737 107 été Exhart ceque luit.

867 2360 13 36 1

929 2304 1637 93 pres teiteur que les fula ont dit le portes, ele se tout

725 2415 177 48 peveur

922 2386 1619 79 Gresenles au lhousee deleuis dete pere Lanr arnue devut

1654 17 717 142 heute hoiseme Semtt
