2517 2479
664 253 42 70 4

661 337 1711 179 tques u paraplue ayant déctaré ue lavoir umdeu lequer

577 455 1785 145 Quarque det entepetée suivant lordremance, et sentemn

662 527 1692 164 legues et puraptue des notaires trussgues ; don tacte fait e

661 601 1785 149 grave deuble telou ldit au port touis Jsle de fralice enteluve

668 712 1774 137 Jl'au mil cepr aut quatre iingt heut le vugt quatre pauvier après

675 830 1802 88 audy it alad pilce de resliveau declaré aclavois cerreui ngaed qoyne

672 897 1696 118 dee Euqune Luivaut ladornance apèe tectare den vannals de

666 990 1707 109 précente demonréé au prusors de Mé belen un du notaire tussigne,

655 1070 1782 96 Pousaite detquelle en ccret. controtte au pal louis lJle de france

681 1155 1716 103 te vingt teutl jauvier acul sept cent quatre ving Ctem Peus

694 1240 726 91 Eiligt cole inqué taicaelle

1048 1351 962 106 deit la temeur de l'amare

741 1448 1664 102 umor frere poupte de t aune Relequas Reformé de la

719 1536 1713 111 proveur de ta mare de Dur de lisdt, actuilleaieal commussaire

710 1641 1745 105 Deuvionnaire dete ision de merquef, par adre demort

723 1713 1631 114 du periend aiteffer qu'el es rai que jalie en diena  agce de

710 1797 1746 111 vingt cenq aut ce de pere et denurs lebres combre je connois

719 1870 1720 115 que cete es ras pelui pare le present que felllii ai teque

716 1968 1715 106 avec moi cactat marqu de mou nont, per lei tervir dans

717 2020 1682 138 les teeut où elle purre le houves fait a merquy le tuit

717 2090 1696 183 novembre mil lepent quatre viagt Loid nque forr det. anna

727 2153 842 115 Minʳᵉ ap. plue bai estdestel

730 2226 841 140 tacorte en te reté jare du Ray

1680 2231 127 75 Aii

1588 2315 770 140 pour la lauque patugaine

1861 2253 172 84 3 mor

741 2319 1049 133 reçu en la quridction Rajle d l'Jslee

2067 2258 335 108 Eumannel

1832 2434 47 43 2e
