2992 2479
860 1 503 55 mitiblesquit se

859 1 1349 150 matquaitie Jouir dela d gaidnobe et Meno

858 1 1865 227 et des dus enlant sus dits au uoufrmit Jusqu'a s moye,

858 85 1870 245 a laquelle époque Soulement, la propirié Se houia Reine en

854 173 1868 248 sa foveur et dons lepason la d^ᵗ Masquerite décédesoit avonte

851 264 1879 246 sa Majorité, la proptieté dos dits des eselain appostiendaa

854 369 1779 202 Mt^e Moie Suzaidin Epaure du Se ffonde Framoin Boignon

856 451 1868 216 à loquelle dons ce las pastiiitier le lestateur les aDonne et ligre.

2648 658 204 67 32

968 556 1893 198 Et quant au Priples de Jn biens le tstotour du desme it 19e

841 674 1762 159 sans omeier Eeption queleonque a D^e Dosse Euyarditt Trévue

870 743 1988 182 P. Cfou de Piomois Bomgie pour par etle au Jsuir en donte popi]

845 824 1925 174 et a ou comidnotion des pesies et soins quetaven de Lui testoteme.

848 919 2015 169 tour au fontt que molodie inotituan par ces présentt ot de D^e

849 1006 1764 166 Beugeois paur cauutiie sutomentaire du qséome lstnt.

944 1082 1754 175 Ce fut ainsy foit Diité et nommé par le dit Mntatour De M^^e

859 1187 2010 137 Pieire quas Balu notoire du Toy dememont en Ceste Ville Roie

862 1279 1693 134 de lhopitot du e Jitgoue niéoles qegoliant en ette Ville y

852 1366 2017 129 demanant Rui de Léglie, et au J. Jan franceis le Roy nte Voilier

852 1448 2000 138 deiemant en cette Ville Rue de Motla, témoins pour Ce roquis

854 1534 2015 122 et Exprès appeltes, au présence desquels lepusent bestament ayant

858 1612 1840 127 de lu et relu au dic testateur, un mot après l'ontre, il a declaré

865 1699 2014 138 y pesiiiter et être sar desuuses Volonté quit vet et entond ete

873 1802 1956 116 Eaveuties apces sa moir, Rovognant tou autes testament au

865 1889 1891 135 Codisilses qu'il amoit pu foie apant le présent. ftir et passé

860 1983 2019 150 En Brevre à la eqnisition du d. testateur, à Coté de son licaupor

858 2083 2015 170 Lais Jue de Jdme, en ca Susdᵉ Monon au pour louis Je de
