2800 2479
451 254 98 91 443

2147 229 159 116 per

2399 180 318 94 velle ed

756 307 136 84 240

619 269 1522 206 ces etaublis que le haiseront lui apputeur

2043 258 679 210 Marge de sainebous

487 413 1472 140 2 Jercer. ett cefurt teuleaent la lu surantat

608 483 1291 161 fedit iventerd el de douxe laficante canton

751 459 1967 261 Daur le Ce oulad^e Clerise la femme irendiort a Mousis avan

698 559 1972 220 lui et qulelulfent pae lecu a tanfait  a elle cy et nai lequil ou

2718 707 32 179 1

703 639 2011 224 l'asqueu affaal en tessufnt ases ce dse cequre la soman les

695 734 2018 202 unefreit seroit etaent par la aiit le destaleur douve el leque un

648 824 2083 206 Jerare de quatre helle leres monnose ceyaut ours sente estoni, a

621 896 2044 198 la aommé sabelle la fillente cete tomne pelever il donnei

676 994 1990 165 leque la propréte du Suplus detu vienden tuu on lantre cas

678 1072 1974 184 Mad. qranvile lIvaue de M. ptorr et a madennoiselle nnolas

672 1143 1986 197 mana eu Ruissitissant des tous offeur qulelles lui ont rendur

673 1243 1985 160 pour l'uur Et ttutes jours faie et dispier chanue de la

644 1341 2041 151 ducertie des St bien commes de chon a elle appartexente en toute

666 1417 2026 155 graréété a compter du dcn delad^t thurise la femaie oe du sieu

644 1549 638 98 Va elle le predinde

767 1582 1939 120 Et pour excutes le present testament le Testdenr nomme M. Parr

669 1681 2060 127 Nudelle avorat au Cormil ruperant decette Jele, se désaisisnt en hefre

652 1780 2052 98 nnne dotouir cec biendue dens de la contienre, Revoyuant tout testament

652 1857 1340 120 ou codeutes qu'el aumal pe fare jusqu'on jout

783 1995 1831 108 ce fal aine fait dicte, nommme par le Cistateur et alui par

68 2087 122 46 APTS

634 2087 2047 104 facque Jouple armais dunant nntare visique les il celee cun aut are

515 2159 2151 112 Aante, eu precence de lin Emannel sespardius annr Capetanme de

144 2264 41 70 54

641 2240 1989 117 manne nbrchande et pan Jacque fentran tacq. dmearent

2105 2253 36 51 49

103 2342 176 58 cadine

680 2335 1951 110 epauaece Seurr Enfrge et du joubenemen e catte Velle du poil

239 2429 33 47 2

381 2415 138 57 Caar
