2783 2479
1848 22 33 81 7

1839 150 870 140 et Duge Vingt Douze,

475 348 895 94 Vmes1

1533 314 413 118 r Laul

1960 280 679 126 Niolas, Le Roy

2683 336 97 74 -de

480 393 2231 152 Balu En Maiye ent tiit Controtté au Poit vonn Jsle a frome

2675 476 105 52 mere

2752 448 24 29 —

486 498 2210 174 Vingt deux May Mit sept lent quatre Vingt Douze Signé Sesvier.

484 656 1264 117 qui a Marque Reeu quarante fols Se

2705 564 75 97 ai

1317 805 1386 181 Megtstré par Moy commire Geffeir

1223 953 1485 155 Jusé du Jage Coussigné sur Voigniol à moye

1230 1083 1504 122 RepteSeuté et a L'unstont Rendu apses mésation

1238 1178 1527 130 foite Sur fécluy du present Emegisttememt.

1226 1370 1408 122 deux May Mil sept Cint quatre Vingr dax

1343 1268 1365 106 Au Port Louis Jsle de Jae le Vingt

2594 1428 106 84 ren

20 1571 324 88 a laif 19n

2021 1494 268 179 Jaler

2614 1530 119 78 ele

77 1718 88 53 tre

1 1663 2605 156 I paste N^e ardevant les notaires du RapalJle de france toucquel

2603 1625 98 86 le

2543 1747 103 77 dt

432 1882 2126 125 efet de taienne ompaquel des endet, demntan ertailement au qual

523 1962 2027 123 du pal Dourbre pacoive note sam, étaut re jour pil et paroi

538 2087 321 93 re

2522 2053 98 67 2 44

540 2162 1946 126 Lequel adit que dequel teule seprant qu'il et daut cette

2540 2103 63 104 Tr

526 2257 2009 109 il a loujours havaille Vavec Teancoy de peuur, il que le auprnd huy l

515 2352 2128 102 pouedé que lquectoie lil ae le dort qu'aux souit, a l'atente, et alaqrand dte.
