2550 2479
816 1 856 85 mor frere poreple de t. auu

1870 49 633 112 par odre demort

772 137 977 112 Dunvionnaer Deta eusion de mey

781 126 1611 197 sé peienr eiteffer qu'il es crai que julie endienaagée de

764 180 1729 237 vuigt eng aut mi de pere et deuers libres come je connois

1981 267 490 93 Vallis a 4eque

761 314 1185 161 quecete est mas peluis pase le present que

756 351 1700 186 avec mon coctat marqu de mou nont, prer len tervir san

753 426 1675 164 les teeur où elle puisea le houves. fait a merquy le luit

752 524 1687 135 novecmbre mil repcent quatre vingt hoir nque fore, de s. auna

753 612 1671 115 Missᵉ apᵉ plue bui eet ectet je ditiffie mor Emmannel

753 696 1626 104 tacorte enterpreté pure du Ray pour la lauque palugaine

752 769 1589 106 reu en ta quriisetion Rafale de l'Jsle ete France, lu

761 851 1687 128 présente laduclure ventable et confome a lauquna prtegare

743 948 1699 105 Cey aunere al'Jsle de france le vingl deux janvier aul cepr ant

717 1017 1693 105 quatre drugt teuit aque tecostt plus bai is Cent, et est

732 1093 1694 112 acn en touqunal demeure jort a la aunute se taite de de pota

734 1183 1660 92 expedté des autre paito étant cesté au pouvors de Mᵉ belue un

737 1250 1588 101 ela notairer toussignes ce jusvling quare janr aul sept aut

737 1340 873 125 quatre vingt voure ages Biler.

1354 1428 1049 121 Enregistré paser Tommes quffier pare

1319 1506 1089 112 de lajurisdiitiere Rasale delfsle etefrais

1308 1596 1115 115 Nousique les L'eapédition amoi Depresente

1301 1659 1091 116 et a l'uertant cendue après mention faite sur

1301 1731 496 88 uilleou pesent en

1823 1762 246 80 utreaant

1391 1817 1037 137 De port touis Jsle de france le quatre

1300 1908 1037 166 Muctat oul capt aut quatre vingt daize/
