2479 2792
561 203 16 40 8

1020 384 1414 234 Supaird Luy est compait davant le santaires

631 511 1764 231 du Roy al Jsle de France Pouvques la nommée Sophée

634 625 1786 221 neguene Dengalie lebre dennantden celle elle de pert taus

546 795 620 112 Prarame De laut

746 798 1656 196 Laquelle a appsté a Mi Deluu lun des notaires souviques

639 890 1743 183 e la Réguerde Meuvors en de pot au tang detet ununles

609 981 1795 165 dece porir poer lui en ete avec cet presente deline toutes Expéditions

539 1085 1846 143 que Desont Lersiene peue loquelle nques de lssle endalte

623 1194 1812 112 de goedetour le tent Juitt cent le praut quatie vinglhai

569 1290 1849 110 Cest dstaution d'afjanctessen teu faveur de la Sisreparante et

608 1403 1805 90 leterté a elle acrdeer par led lieur de liste in auner ccactie

625 1478 1773 114 cuute de lequelle déltaration el a llestalen nguce poly sambiquy

609 1561 1780 120 grand prevot de larnnée falicorie dans trade en datte du

591 1641 1849 136 Pumame pour quei cesteffie quelad^et dectaation faite enta pscur plas

617 1721 1182 118 bas lit le va nqus Buvep commandant

710 1793 645 119 De laquelle pare le d^e M^e

1833 1789 574 87 geueraddes ende.

1388 1830 1016 155 Deleu Veit chargé aud. Libe de

605 1903 1709 172 depot apré qu'elle a éle peatableuen arteffee vrulable par

601 2002 1136 124 lad comprante eu presenrt du notaerce tou

605 2086 1796 158 reques a orhrajé fait et paue double selon ledit au

1768 2086 572 76 quer derettaite

575 2160 576 103 port Louie Jsle de France

550 2233 1212 180 le leur octotre aprus andy et a lad^e roplue

1183 2201 1230 169 entetud e l'au unlupt caut quatre ving tiept

586 2323 1000 158 cerie nn leques quorque de ce Caquise

575 2408 596 123 lordouvauce denx unnute

1765 2373 537 90 deslaue actavoir

605 2477 726 159 Delen l'iun des notaire toui

1205 2477 1125 183 de preantes demeec an pouvorr de M.

1673 2425 675 134 en tepelle tuivant

587 2573 717 144 urel contrelle au pat lourt

1355 2588 81 65 ques

581 2649 503 124 iul leprcent quelre

1490 2593 177 91 envaite

1110 2733 72 54 Vese

1337 2663 243 113 Jsle defee

1703 2639 644 115 de lude desquelles es

1605 2722 20 60 3
