3513 2429
1645 1 314 71 depaur

1689 102 14 66 8

1731 44 632 162 t vragt dont.

110 631 580 107 lestement de M^e

103 742 543 120 Coibard noir lebre.

850 662 2584 185 Pardetant Le nottire du Ray et les téroars cy apre sautt

792 833 1096 115 et Soussiques a l'Jsle de france.

939 986 2403 125 Sul premet le nomme facques d^e Eubard de Paste aulgache

786 1106 2613 147 e lebre nabitant el cendent aux placne de Velleyr encelte Lyfsle

784 1214 2598 157 ixpres veuux a leffet deceque seit en telade dad^t notaire, aunayagne sesd.

789 1321 231 56 leman

821 1373 2589 119 Lequel Sat de Corpt dégrel mamoir et Ceteu denatauce qu'elen

793 1454 2607 153 oul je Juger, mais en lui de la urt il ae voutent paul escte ayre

793 1547 2601 160 tant affoid regle et deteranne nne dportions de dees a loles, a forte, dute

803 1617 1712 138 nomme sole Testament en la mancer et ainse qu'il seuit

855 1686 2451 228 Vaut et enler le Cistaleur, qu teunelot après cert dues, la aomme Cheresn se

813 1769 2350 217 serme rondeute avec leut aud^t quartit des placans du Vellen coit par vn

807 1837 522 130 executeur testamentaire

1387 1893 386 136 rjapes aomr

1834 1937 1402 178 auss ca prconrs de teu lles buus acable
