2391 2459
128 1 309 85 au preteur

310 51 1796 84 le fr insi fon decte nomme ca par laD testatrice i a elle lore nellr a heut de

132 133 1926 82 intelligible voiy ue u n après lantre ar jacques posept armand Deraur notaire

2161 196 46 69 3

148 198 1969 92 doussigné u preteure de Me Jeau Roberl cy toyen de cette d'Jsle n de 40 Louis

144 270 1990 113 plard ferppror den Separement aude liuu de la grand Revaire le testatue

2187 336 25 65 5

146 353 2046 114 a declaré bieid leu teudrd ct y pertister commé contenant son ordonnan le sermir

147 446 245 78 Volont.

222 539 1962 103 fat re patté en Brivec a la rqui sitroir de lald testatier au beeur y desan

165 624 2021 110 desdque lau melle sept cet quatre vuge dous le vendredy dipluer jur du

159 718 2118 88 moir daoust a Six heures de celevéer, t a lad. D testatrice lique aver les de Nottairns le

148 793 2135 96 a Samoins austi Signé, V^ Raveaud Robert, Goliard, e Duraut en ruarze en

150 877 1988 88 cont Scelle lesd jours ce au eu ecore controlle au port louis isle de fracice ce

155 952 2016 139 Vingt aoat mille Sept ane quatre veux doen reur qarant Lol sique servris

647 1135 1461 117 Eu requitée par enoi lommis Jnié du

677 1222 1616 131 Graffe de lu jresiidichou Ropele de

670 1318 1626 127 liste defrane Soustigné siur lepediten

2244 1441 21 54 8

684 1415 1558 110 a rnvi reprevcité a lJssartt rendue

685 1510 1368 114 apres un leva foite du porrsent

2348 1583 36 54 9

2268 1532 16 153 9

694 1603 1548 119 Eregutremint An por louis Je le

718 1696 1522 112 de frericie lequatie Setent a

2192 1801 103 86 2

732 1786 1426 171 mi pt Cant qaotie vinnt an

1457 1927 254 167 Jefire

304 2131 2040 173 Dardevant nout Louis heury Durand notaire du Rot ae l'Jse ete

192 2224 2177 210 aate souzigné ce lon temoier sx apres momd, fuls propule Lu nommeet
