3450 2479
363 176 74 58 re

3345 129 44 62 8

352 229 521 68 ril le eee

341 165 2934 223 ment de la nosée Matgachia existant Sur mon na titation ap partiemnent e

353 374 185 72 eure

968 298 2034 234 mon filit Comme provenantt de ser gaune l'Epa roqeedt

305 506 730 77 ardotaut Senotaires duroi

304 575 763 70 de France fus priteute larcée

1156 367 2203 277 Cei fut aisy Sail t Dicté par la ditt Lestatrice à ces

254 632 791 64 euë ue gresse Sibre créole

256 688 735 51 rechie dilasice mariauie

282 552 3117 246 ne tibre Tréole de cete este Notaire Doussinné et Eeiouite à elle Lut Resu, qu'elle a Se

290 785 621 55 re allaut Es vaccant a ses

290 702 3103 204 ifaiire despist, memoire et tie Citendre Sy pessiveree en la Chambre Sus desiquéc au

289 886 783 61 ¬leccet auityque test apparie

285 862 3086 143 t notaire, Vort ex prestaupais anton de lu Riviere Noire ou noust nont Sommidt en pris

276 983 715 55 de deuue Balu tuu des notoiret

265 1027 679 63 ques, ou dans lavue de laniart

228 959 3151 178 teaut d'en etre prevenuu avant quns portir du port Louit En presne de Pe Denisi e Pécare

205 1116 812 67 rec ies ordre a ser affairis a fait

180 1078 3163 151 te et nommé le present soutestid et Etange habitant t Suur Jean Baptist La vitaut Ser

172 1206 891 58 ondounale de dounière eoloute de la

165 1249 589 67 reciere Et acrnty quis suis.

238 1214 3162 157 Donne et Leque au fieur mieh tous deux demuuraint fresdit Cantos temoiendt paurr ce regt

174 1362 766 75 eployé duroi la nce houaruie

177 1330 3238 151 hueste créalé de bourben la ne appelles Le vingt mui fe Dout mit sepl Ceces quertre veegte

235 1451 729 77 aede negresse masambigne ls

199 1501 803 69 nce Beussièlie negnesse masarmbig

192 1458 3202 149 tos sanie heluu en gresseexi uatre heurit de Roclevie; la testitrice a dectarnne saver

217 1589 778 70 la fille de pre deruiere nde

213 1627 740 82 ce; Jolur la lnce marqueritte

983 1620 22 64 4

217 1671 682 76 sse créole la uee Nolagee

965 1593 2418 105 Tesire in Siquée de le Ciequist par nous notaire Juivacet

227 1709 816 78 ise masambique Es lant sedlinger

232 1751 740 80 les et hardes à l'utage de la

1009 1714 2277 95 donnance, LesAunvient ont figue avec nvnis los présente

230 1795 753 76 tuie Et qui se trouveront lui

230 1846 747 79 rteuir au jur de Son decés

1006 1823 2366 120 détis ruut en Brevet Sur la Requisition de la testatrice accnses Se

234 1897 713 91 Doune te leque doplus ain

210 1904 2138 127 echel deux doctes dasarales des Etangi, La bitant & Durand Mr

2397 1934 491 109 Datte en S

206 2002 833 83 ¬ontre dor Et tous les autres

2905 1968 436 111 Darge les

199 2042 824 103 ous qui se Prouveront le jour de

264 2136 99 41 rel

995 2058 413 91 pour San

269 2116 3057 153 donne et Legue lad^e testatrue Jest Aiinsy au Prevesosiqcal du dit testament Sige

239 2192 748 96 a Benouard ly divant dieur

216 2244 761 93 etieuardiere une borte dor

214 2249 2497 140 de au Etey dor et un petit Tassapte &t Depou pour Minuté auditMe

2784 2288 531 124 Durauded

207 2342 762 101 de Castes matambique ne

399 2360 2168 112 aaus sancé gigtte l'un deut Coussequt Par aitt du Sept

2579 2415 215 62 apoteuu
