2583 2479
1621 38 668 116 Pouate mviauve femut

838 212 1691 231 pardus par mariage ou au tien dit Laut avors valobleur

1792 155 622 164 Lente tuctienme Jeuillet

2381 148 10 68 3

799 377 1708 144 Sespore d taure bieus, la d. Souation auc ca Repres

801 480 1772 150 lou eulure four it derte comme sil u'y avoit ant

826 601 489 75 Sonfaur

898 691 950 139 Et pour faire Enngistier l

1863 712 115 75 d

1472 864 1032 134 Surégistéé pavener Domus qruffier

1421 998 1115 105 de sa furnidiction Rujile le donérant

947 1172 217 111 feseve

1398 1094 1125 101 de l'Jsle de France Lousseque lur l'expeditio

1389 1178 1133 98 aaur Depesentée et a l'ustant endus

1395 1261 1116 85 mentiere faite sux uale du presal Enregiste

1376 1463 1129 100 treute an juitte ut sept au quatre

1504 1359 1008 92 Sol Port Louit Jsle de france le

1361 1568 354 95 Ving douze

2545 1487 31 56 4

1328 2002 1086 102 Jun Joutae tdes convitions de

1341 2097 1091 87 mariage passe sevant M^e belis et vit

2435 2052 94 84 cont

279 2196 970 134 Sy deur Jean Loui

1310 2173 1111 109 Ceonfiere ustaur du Roy emette Jsle le

2447 2178 60 55 2

1343 2283 1081 88 vingt rept jar donnes en le dcenmant

2452 2229 41 79 5

325 2394 377 75 Pugneret

1323 2368 1023 102 Sontrol entre le teur jeau lor se
