2479 2817
1112 1 53 24 ¥

1266 1 158 50 Emoil

1774 3 168 111 mann

1438 1 321 96 prece el Jempt

533 1 575 96 a la Reve dan laite les

1571 35 153 102 a le de

1976 14 351 126 auhrat

1211 39 169 103 chralir

536 17 705 153 cousainquaati et lon ollachement

1034 82 122 94 fait

2120 125 233 84 Jtou

544 123 454 107 a fat ce prueale

1561 120 291 111 Epucheaa

1812 169 230 104 Sm

1745 222 46 114 7

527 109 1027 219 premet et l soblege qoeauter detai Ban

2176 230 188 136 Spar

1214 186 324 125 houbles it

1810 313 28 61 6

518 258 663 139 Arction aluaation et aut

2242 306 133 77 an

1688 342 86 83 pa

1921 364 129 88 re l

552 286 1119 200 quetionquesa la dette magdelun it au noraiet

1206 328 449 150 Casbrer prese

2070 370 321 155 legaantt

1701 414 114 74 saa

1840 435 203 92 A qa a

536 444 612 116 les deux Entar dud.

1524 510 178 130 tainge

544 442 1107 185 la dette magdeleme et Eore acptant voir

1586 568 221 83 douataut

1843 552 548 142 de toiiis alvé ae

544 528 925 171 et aplaté cause proles nntaire et ternas

2037 649 236 113 pes ele

555 619 908 160 allandu la leaoété et l'Entavage de

2056 719 335 119 du viagt deuse

658 655 1174 197 la prgreêté, pouesiesse et fauvance i teng ayrantr

2162 824 276 83 d pesele

1511 807 356 135 ori pese

519 740 1296 228 à las it les maa ee Fraccat prile de Viagt

896 871 553 110 maguns mavent Lul

669 926 190 89 I du S

563 962 72 91 dt

552 871 1531 233 deu abre Mel Sepant quatre augt dis un double duquela

558 910 1900 254 dépré cepour lay ru telade du notaire trengue le d^e tomme. boite et

381 1159 133 107 e

560 984 1893 266 Vauite Reute tetatité per la pritie resuvce par led^t S^t aagaan; d'un

1687 1170 710 139 harcayent dout ula pa

801 1065 1651 227 ar M. temont de laute pait pr M veselle, it enrant lont

546 1242 241 85 e peel

541 1231 1111 174 Rangrefondeur del'labitition peseaant du S.

1934 1344 447 98 Mare faave

547 1259 1861 234 che fait plas ampte Deniation par la Ranoe quelad et^ maquts luu

563 1381 1346 202 du ap  eau eune la titer emordre Roligeant lad

1737 1497 674 108 botalalé apartes de lae

552 1410 1834 236 de Larair aux donntau litre le fonme det Edig ayre pas elle ux etout

557 1549 1155 177 donner lat de loyantage que lua fate de la

574 1574 1833 233 grefondeur ee sesent ee sequel pur Ctair suy la portion qu'lle serede

464 1727 24 77 2

422 1804 81 72 dud

546 1657 1779 222 sesquelle quition donnes lad^e nagdelume a dectaré treu unoite pour

580 1752 1512 202 avir vu el Vuulé les leeux dril elle Eit Ontate et laleefarte

1020 1837 1402 153 Donatare lere tectore et aefautecave, Jouir far et

693 1926 319 135 pes pas led^e

458 1973 81 66 40de

563 1954 1836 163 Depaur de tapaleone de teeer peserteemadonne comme dechose a

550 2012 1896 193 rato opperterant legetament en late propriété aumapu le parcate a

569 2122 1867 137 cocmptest acanmon la pereaane de le paque au laite conferaratif e len

471 2233 17 62 1

575 2198 1860 135 lécite leur lera fepedie en fomme, uaat le S^t deeahrur qua difont de

455 2295 1961 94 aonno leur liberté la prerte sevrenmra nall tur effet il comme ae atrant

12 2327 113 78 Nou

472 2374 1994 114 et gurla tanoa qutelle nece dessaint qul Catte condition ca prse et dient

554 2444 912 86 Requette la purente vert en luu

408 2416 74 122 55

729 2508 1723 107 dant ledt leuie la la Crusive il negrant du Rejal Vat na

6 1039 137 111 3

12 1317 110 89 a

32 1395 80 65 1

18 1474 116 78 10

93 2726 16 28 1

50 414 29 69 8
