2750 2479
607 59 2118 133 ledemir Junmatin de aledee testater de desdet tomoins lus noeme leque ave nes mictaire Le Preir

746 28 1986 94 Juatre vingt donn ae vendre dy vingt nes siein pour dunor, de juu ain Pheure

2079 1 597 44 vai luitpr leut

699 133 2013 117 Restaeine,il es jusi cen mot a mole sui le brires ornzene dud testaem

724 196 1968 129 aucper a la precmire muaute de depos desantre parle Rleste commedi ir lanta

719 269 1984 83 posseshon de s delete Lun desur Jousigd qui a delise do presente Expeditetion un

706 304 1944 102 Pe S Boie le s jcutte 179 2 le alaquelle Expeditron au qunze mit don Rag

704 355 593 67 Comme mils signé de le stes

1228 411 163 69 en état

1423 385 1234 77 Eaequtie peveuri Com guffin  a duviege tusge lur

1392 495 692 68 Sub icelle du prepent enregéstiement.

1413 435 1273 85 Reppedition amoi reprépeutée et e Puitaat cendue, pre dun tion faite

137 574 517 115 Depot dune

1603 535 988 90 Au poot Loui Jsle de France le 7 fuullet 1791

790 632 104 51 P

1092 628 1535 111 Afoure huy ett compare devant les notaite du

2394 600 178 80 efteran

110 720 487 121 prale par la

710 701 1895 137 Doy a l'Jn de France ussiques la nommée jale nequne libre de

180 822 435 147 mente Jut

702 829 1896 141 caste indienue demeurante eu celte velle du prl toui peroine

677 884 346 113 J^e Louis

2617 914 76 103 4

742 1023 1861 120 lequette a appatée M^e belen lui des d^t notaire et l'a cequel

2617 1008 73 108 end^t

675 1111 1915 120 de recevoir en depot pour ehe cent an ranq setes mauts Seu jour

675 1205 1902 128 pour lui en che avec les pesente délesns toute expeditions que

637 1253 1943 186 Mesond tera aue yeie conte en tanque prtaquise au bas de laquelle

646 1338 897 117 es lu houxreption qui en a ete

2642 1304 40 78 1

651 1436 1937 151 coste en terprete jare suivant cestifient ique la coste endatte de

1572 1413 1014 104 Mail Rpar le Seur Ememannel la

615 1513 1962 147 Vingt deci s jauvies prsen mois dcquel d. certeffua et conste

646 1597 224 101 que les.

896 1626 1756 127 ent prlugan art arteffeat du frure joseph de Fauire

635 1706 1964 129 Relegient reforme de la poveure de la uere de vien, qui alleste quial

637 1802 1955 130 est rai que julie indienne agée de vig ungant, ett au de

2610 1764 22 75 9

617 1882 1992 159 pere it de mere libres led^t cent prtugare en datte deurgay du

600 1968 1389 137 ment noveubre mil seyl cent quatre vingt hors.

752 2060 1696 149 de lquelle peu les M. biluu tut chagé au S^t sle de dépot

2413 2097 27 45 5

2529 2065 70 101 1.

581 2163 858 110 aprè qu'uell a été dela co

1468 2192 1138 112 marante enteffue verclable Mave ed
