2479 3317
799 1 701 63 ce; Jolus la lece marqueritte

803 35 640 68 sse crésle lacue Ptagie

1505 1 310 80 Eenire 111

822 79 755 68 se matambigne Es lant se Alinge

820 12 1646 188 les et hardes à vusage de la Josdonnance Les Auuvur

820 167 691 70 treie Et qui se trouverout leui

816 132 1657 172 rtemir au jeur de Sondécé delifreutt en Brevil sur la

820 276 647 79 Donne te leque deplus au

1996 200 459 144 La bitantt

799 300 1173 112 ichel. deux Toetes d'évatales des Atangil

798 381 787 77 ¬mbntre dou et tous les autres

792 427 785 100 dux qui se Prouveront le jaur deg

847 503 87 59 un

1592 418 369 110 vur Pan

855 469 1518 140 Done et Legue lad^ᵉe testatrice Jtest Anisy au

829 582 710 90 n Beurmard cy divant vieur

812 632 712 81 etrenardiere une borte dor

809 586 1666 191 le au Ety dor et un petit, Casuptre & Depose pour

812 740 719 80 de carte matambique ne

794 705 1679 188 des auit que la néé gegitte l'unn det foisse qul Epai

801 855 432 95 esse mil baraste

1513 792 958 195 Cent quatrevingt douize

801 943 656 100 Leur par les dit sieurs

809 945 1666 162 hes Et Renouard jouir de posussion du d M^ Duau

825 1063 651 99 lou dits Bieut eu toute

825 1065 1443 178 preité et pour Epecuiter Scitté les d. Jourr san

812 1177 784 107 mésent lestament la lestatrice

807 1230 763 107 choisi Et nommé la pertanne

812 1297 756 83 sieur mi chat eiploye du

801 1337 693 89 Entre les mains dcquel

807 1394 682 94 se Desaitit de taus Seil

881 1455 602 89 fuisant la Coutunce

860 1512 642 91 Le sut auisy fait diclé

807 1571 684 104 ome par lade leslatrice

798 1625 750 101 eu perre pe Dalu notaire

796 1684 722 88 noi Et jean baptis le touis

794 1735 756 93 vin aussi notaire, et tecture.

796 1787 663 85 n faite du présent sen

809 1831 753 92 tament, un mat a près l'antre

764 1894 754 77 le a diclare y persistér et

757 1947 643 91 Ere Soderière volonté.

851 2012 691 103 fait Et passé Ean Brivet

923 2078 739 92 requisition de la testatrice

969 2137 581 89 Louis Ele de Fari en

986 2203 693 80 le jeudy sene dceubre

1021 2253 1452 111 Ceit quatre vings Dardivant aen Dotoir

1008 2331 543 90 t midp Et a Sigué

998 2395 620 98 notaire Cans psigné

1668 2355 366 118 Soustignés

978 2463 505 78 Balu Et gevin

1878 2430 595 111 Eet Coipaie

952 2506 1525 147 re est cont contralen le port paroisse st zon

936 2581 556 83 Louis is le de France

923 2633 1552 101 septembre auit sept Lequel apris avoirs pris l

822 2721 53 46 I

906 2699 1567 114 atre vingt douze les Notaires Coussignite du

798 2758 1671 135 que servier qui a marqué Maffe Vivant traiteur

792 2826 582 67 ene quarante Sals

1502 2859 973 126 En pretenie de temoint pa

881 2933 1594 135 Mregistié par Le trente Contderniir de

740 3025 821 92 moi Contmit quffier eu

739 3099 814 120 chef du Siège Joussigné

2385 1494 92 83 de

2392 1595 79 92 4

2414 1706 46 90 5

2408 1855 63 79 d

2399 1966 78 99 le
