2675 2479
556 590 17 168 9

677 457 1949 249 Lndevant mor Jean bapisté Pussant nstaire dans le

1538 622 346 107 porl Tourbou

1905 546 712 131 aroise ustra Doie du

2377 621 277 122 Dmpario

651 670 818 120 Denoit de la Minnici ppalité du

650 663 1702 197 Jele de France, et les técioins ly après nomre Jousequet, es

626 709 2011 208 a nomme Maire Jrance neqesse ratgaile affranchie du S^t encilel Marbier

2052 780 591 131 Crmparante Mabitante

651 846 1394 126 veude dy da fant vrabura aoir moramlagne litré elle

651 907 1318 135 au lau dit les maret hent peroine nstie Danc

801 947 1823 187 Laquette adit qu etaut en formé que led S^t un hal barbier coi

654 1038 1983 182 auneu Mante, etat dans f'eutatiorn de pourer l'affranc hesement sea

626 1130 2003 153 la coraemir magdilence acgiesse Treste et au nomme Jsse ple neprellon excc

644 1217 2019 121 vou sels ls deur enteve elle d'émerait donner des Freuve de Ricimoisnt

633 1279 2011 127 au penner et tanir au leuurd det demars, notammenlade magdelun quii

643 1357 1872 115 a la Rve duns taite les Cenonntame de lui dornnes les marquel le plas

644 1424 2006 110 convaie quaalid de tou olashement, Emonsequence, et pour le lesfaire ses Viües, ee

650 1501 1957 99 a parr ce prescntés fait donatin prèse et nmple invorable et Catrsif

618 1578 1997 110 promet et Esoblege garanter detour dan, delle de dercaire luf potbeque.

625 1645 1928 119 Arction, a lnation et aute houbles et Empecheau qeuen lement

637 1739 1934 120 que trouque a la detle magdelure et au nomme soepte sou felt tous

625 1809 1946 137 les deux Ertan dud^t S^ Crbret, pour ce tom parant ce acepte van

630 1882 1951 161 la ditte magditeme, et Emore acceptat gour les dis teurs Cer mner

628 1947 1961 162 et enpaute cauce proles notaire et temont coungne autant qu'els le pruvent

623 2028 1068 83 allendiu la Vernonté et l'Entavrge des S^t

738 2104 1063 118 La prpriêté, posemoe et Janvance de Tran

1736 2083 248 59 douc Lau

592 2191 1600 150 ilau dit les mand al frecant peslie de Vengt anq aryenr

1838 2173 752 117 ayeur de téaine ulué au

635 2262 1118 98 acque du S^t maqunr luivant mil touse

2203 2280 269 90 pes ale

614 2327 971 95 denabre Mel Sepant quatre mugt dix

1792 2323 782 129 prive en datee du vingt deus

629 2393 825 84 Séporé ce pouré teey en telade du

1657 2400 300 72 un double

1983 2414 117 63 duq
