2633 2483
1417 2 1210 73 paroise Mteul ceperer len selle it perive

1384 66 1239 87 D. tour Reputaat pour dau nom de maril

1377 155 1251 96 theuse Lomeroile sa felle meveure, pourr de

1357 246 1271 83 Sou marcage avec de foule la nommée Francoise

1363 314 1264 98 Sa felnhe lade marie Merese ci preenle t

1370 390 1220 114 de lou Peresentemedanté parl eu a

1346 467 723 137 été Exhatt ceque suit.

841 602 1705 124 pour teiteur que les fulu ont dit le pertes, l le tout

702 689 1810 117 par ccs Gresentes authouses deteurs dete pere daur comme devut

662 762 1906 126 fait dortalie pre a rcmple entreife mnteult egale et ren proque an

2576 605 33 175 1

658 834 1903 137 la meilteure faide que doustion gruene valors au prefil du suivevant

665 925 294 84 det fulure

1001 946 1485 99 ce accepté cespeetistunt pour le St surviseat par la s^t

649 1006 1930 123 marie jeanne Deley pour le fulur tou felset par les pan marit

652 1095 1921 125 tamervelle pour la Culure la felle satous Dohane les brege accables pd^e

658 1144 352 90 et uumeuble

652 1248 1838 128 que se nouvertret dus Dapprstenir au pemousant det fulur aujour

1051 1195 1390 94 popes, denere comptant detles actives et autres ben

638 1306 1814 143 de tou due enquelques lieus quels se houventdur et selar s

633 1378 1839 169 aque lques Sommes que le tout puize mouter pour par led^t Survivan

2548 1401 9 62 1

629 1470 1850 146 en jour, faire et lespour en amfent tentement la ve duvant, a la

547 1540 1819 169 Scharge de fair faire bou el fedil unventoine et Sansche

618 1644 646 91 tems de dernet cantion

698 1704 1733 169 la Donnation cy sees faite pourve qu'anjont du deus su peucous

607 1786 1781 157 des falure la pait au enfant irsmt né ou auaite du

592 1863 1693 149 falus mariage mais lel yen avort et quils veusent en nute

585 1957 1843 157 deceded en mnoile, on meure en maponte tout averd ete pourvee

585 2016 1731 163 per manage ou autement it cant Cavr valablement dispré deleur

572 2073 1764 179 sien led^t donnatiore au S. gel ceprendra vu entiere Cole s decte

2452 2036 11 96 1

587 2143 873 112 conme Vil ay avat poruleu 4

691 2205 473 144 Ee poir faire ent

1262 2263 35 48 35

1315 2249 66 69 A

1477 2207 173 66 Maud

2397 2240 80 70 2.1

1529 2299 816 120 Anrngistré paverde Commme
