2479 2558
621 1 182 35 in poir

628 1 973 109 Et la participation de Nout d Notaire

636 1 1400 195 qui a Exitté Entre lui et Vout. Entendant de plus qula

2325 66 98 104 au

633 2 1783 275 touise de Leffet du buil qu'il lui a pafré sus qu'a l'expisation p.

2346 183 113 79 ett

562 180 1305 156 Paux charges causet et Conditiont y noncées.

1776 170 536 148 e fece testatur a ch

636 272 1115 137 de pour executer de pretent teslament le

618 255 1725 236 Et Nommé la pertouse deu se Adam La Gravelle chisurgun de celle

659 348 1679 234 qu'el pue d'en prendre la peese et lui Rendre le sunur service

2356 476 98 110 4ᵃ

656 414 1687 245 Dit aisissant de cet effet de tout ses bient entre ses maisnt suivant

2415 575 8 60 1

669 635 371 78 Contume

699 613 1660 212 e fut Ainié fait dicté et Nommé par le testateur a Nout d. No.

672 683 1734 205 in prssenie des ss Care cheron Ei Michel Paul Durand tout decmr

682 763 1684 194 Titoyent domiciliés de cette Jsle y demeurant Separement Post et pe

2334 899 68 53 veun

683 825 1713 229 Et Louis temoins Requis et appeltés lesquels ont Signé acteeNe

683 919 1648 178 Notaiie, nou le dit testateur ayent declaré ne le pouvoir etant

1950 981 395 77 ite déte la

700 1027 1187 145 de la vuc depuit plusieurt souss. lequel d'testame

706 1043 1630 200 mot a mot au chevit le Son lit et qu'el odeclaré bun entende

719 1143 1371 151 Contenant ses desnieres Volontés lans lesquellis il pertiste

804 1179 1545 192 Jait a papé au port Louis ile de Frace en la demeure du d te

734 1259 1594 183 Lan mil ppl sent quatre vingt douz le quatorzieme jour de

1597 1320 822 122 Ainte Signé en la presentrice

722 1392 861 137 dé septembre huil leurs deu foir

177 1475 420 106 Leasl die sor

732 1381 1741 212 Des presentet cheron Divand E Donaud, ln marge est lesi ple

159 1460 2308 246 Earegistré pour teuir lieur au port Louis Jile ce France le 15Jbir 702 Reu quaranté sols d

171 1638 801 118 d'enis mualioe sivant Vusave Servier

181 1715 371 89 Eu cette Tstonie

926 1624 1463 165 Collationné par les Notaires du Ray a d'este de France fe

174 1747 563 121 Du legistée à Ce destine

699 1691 1733 170 sur la Minute déd testament de meuré la la possesseou de Me

2331 1800 108 55 jasse

180 1816 507 106 Ce pout d'huy dex hent

2325 1868 119 61 ises

189 1752 2142 221 Leptembre mil sept cent l'on deur ce jordhui dix sept septesibre mil sept Cent quatre

759 1850 797 138 den Signé Herivel Douaud

2332 1945 124 84 en.

199 1918 548 138 quatie vingt donz

193 1996 506 111 e. Jir dures aimte

203 2056 460 141 signé auffraf

1105 2324 60 33 1
