2650 2479
497 162 2103 128 oppartenant led^t lesteer aus^ donstaise re mge de Vrequisilion ait

458 268 2131 101 en a faite au Comptent al laut em preur du S qabuil qouslées

353 366 2240 96 Seuvant cerntrae . pusse devaut les aolairee dantt Jle don tmenatte e

472 442 2102 96 Roesté M M^e Conuelle deadolte du henle octotre aul leptent qua le

458 531 2039 88 iragt dix elet d^t ccret sel de prais anes comme fec afeut fert

440 614 1919 84 Aater et Eleves arec cois il de peur auss saut emprunt.

505 684 2056 109 auquel d^t S^ᵗ Puslées led temn aypachant au moison de l

480 773 2073 93 crcame quel en aort ottenue sane tentait ondatt duguate

483 851 1237 92 ertobre aul le prant quatre rugt rept

658 924 1928 97 pour pes la^t Eemle Renaiur jouis faire et depres paselle

454 1003 2069 108 Souteur dule Dentnte poppriete au moyen des presertes ae

495 1094 2014 87 ceruples denjur dhuy sa Vie ducenttestement, pour apre lue

472 1173 2066 88 claele tout demeny réaur et consolivé au Jour t poqruet it

484 1249 2036 91 cparteur aux romme Eentee merants et morie tour flad de le

479 1316 2037 95 Euulée Ranar pres par les d^° Eecilée susonne tanne tonie arèr

476 1392 2005 91 le duue deleur luire joyir faire d deprer dud teneur anon dit

469 1469 2010 96 depeurvant uy desses donnes e toute pmprietet grene clure leur

475 1545 2035 109 appeteurutrece ltegitememen Pou aussen, de pourle acomples du

475 1632 2009 88 du delar Contes Reuan leurccare mant dons le ca du dun

471 1699 2013 90 dileut des d^ Eulie suraie dit marie tomd, le teut apperlandau

458 1771 2029 93 aloie a felle que luroina it dons le car de decer vu deuv avant

460 1839 2041 101 leur enccet, celle desane pane aloze au et pres ausianleste prepule

465 1922 1970 72 el ereine ban lei teullera a laclarye far les d^t donnaline

458 1981 2008 109 dacquelie tere deoite d'eun prilierer et au les qui preunen ete aut

446 2065 1989 102 Sus led^t temin, et duc ataute man fouit Rquelle de tous

464 2138 1983 113 avrirayer du poue  a fammpte dela dennerdestarur cer tet teit la

461 2211 1931 124 vetoute ds onctoir, leque areuue et deleure a la d^e Tgles

457 2276 1859 127 Reue qui le Rennanttos les tetre el preur id peprales

473 2359 1528 111 ceque dese donne sol au cureen  sypary SoudeI.

2359 2335 100 88 de

2063 2437 118 40 Vr
