3242 2479
1790 111 917 106 Quaraule re plienne feuile.

667 232 2510 137 feu present dte Marqueritte le maillae Ve de Me Ravenard au leuu de la grande Riviine

666 334 1317 112 pres de la ville du pou louis pffe S'Louis

655 447 2534 135 l aquelle etaut Dur tou lie dans une chaibre de noset agpuitie du Sallon de la maison

615 520 2562 147 dependau de letablissement len di Sa residance Malade de cps mais seinr disprit memoire

605 622 2455 102 ce ensndement Annor quel ont pare lesd. Nottaires ct Semoius cracquant que la mort ue le

615 687 2600 136 Surpreuere Saur avoir declaré a mani feste sodispositiones derures a fan ce dcalé son testament

616 783 893 91 de la raaniere a anisi quil son

3193 838 33 35 2

838 882 2264 144 Donnou Layur la Danes testatrice au S. Justur la leur sou fillee Ercole de leule de

608 992 2421 129 Bourbon a retidant aude lun de lagrandsrevierre lettelies de Son ela de forgror

607 1074 2563 142 seuvoir la Corsdee ae queral tous les is tremants ce ntencilles, qui en dependant l noirs lade

601 1172 2478 148 castre algache Noee la jeurcelle, ayé danvéroir qarante aur ci jru louis Trede ay

603 1271 589 84 daivroee seinx Aus.

583 1422 2580 121 Idrouir foffiaer du pport en lad. Velle du post louis pour par lai eupreur ce cudit pour, conne

881 1349 2215 101 Lraudau texplus de Ses Bieus meubles, et Juneubles elle les donnoce leper a M

578 1512 2597 85 de chose lui apparterante apres soudice mede de ces dlocte e petultions existant a lesle de

589 1581 2582 117 Bourborr sar la Sucusiire de Sillocourt ce le charge de liquedes les d. Bieur ce de faur vela

579 1676 2537 101 les d. Droite et preteutioes acnsi quel avisera bou être ce pour exccuter son present lestement

570 1751 2514 117 Sa testateure chousce Nomme M Gravelle led. officier au Serviee des vaitleau a com met

3122 1819 63 76 de

567 1857 2513 109 habitaum de alle Mlon relidenm au laville du pou louis, elle pue de voutoir leid preuurs ce

566 1957 2501 92 Sor Sedetaitetam au Sesmains de lunvon Sabl de les biens meulleses Junan bles au desas de la

564 2060 2551 117 coutur de Paris qui reqe lette Jole ruvoqnant le les tament quelloaumanpe faire anterieurant

550 2169 389 93 au preteur

545 2313 2425 115 intellogible voiy un na après lantre par jacques posept armand Duraus notaiie

583 2418 27 59 10

1410 2399 303 75 Marr 18or
