3508 2346
209 118 193 89 1792

186 213 190 54 Iet

185 304 423 97 nent due

716 208 2589 168 Dasdivant nous pierre Fançois Donaude Tolaise de Sloi a desle

173 409 343 101 Bellet

716 338 2553 110 de France soussigné Set En presinie des temoins li après Noumés sat pretent

680 422 2478 133 R Cierre Bellot le devant habotant du quartior de Flacq na lefde Viblart cn

584 522 2641 108 Pau gemoit ac leuustement de meumant en cette ville du port donit en ane moiton de les

643 613 1446 115 Appartenante, Sile lui Rayale paroisse et Douis.

625 715 2583 115 Lequel Eissant au dit matante de Corpsen ane petite Chamlire de pendante de l d^e maison.

637 796 2624 112 tonte sois le de St Bellot Soin d'Esprit memoire e sugoment dinti qu'il ett apparu à Nons

617 877 2649 95 de Notaire et aux d^t temoins le fuit dans la vuu de la Mast Et lesignant d'en étre prevence

617 956 2662 89 Avant d'avoir Mis Oide à Ses affarns a fait diclés, et Nommé à Nont d Notaiue et

3326 967 16 58 5

615 1034 2415 89 Aux dtemoint Son testament et Ordonnanie de duniere Volonté ainsi qué duit,

723 1124 2702 92 Preniese ment Comme Chréteure et a fait le Signe le la trais et Recommande son ame

604 1205 2840 97 a dien priant Sa divine Mesesté de lui pardonsner es offenteset de la Recvoir a près Son c

555 1274 1011 82 Dcis au Ranq des bienhlureu

610 1352 1585 90 Declare le estateur qu'il est Veuf Sans Vecuf de De Ie

2209 1377 1022 91 adeladde Ricaut de laqueble et

3320 1358 139 63 e

591 1440 2613 96 est donataie en loute propresté que les biens de lui appestenants Es Situis en celle

3311 1427 133 126 et

598 1513 2641 101 Eolonie tousistent en une habitttiare et Noiss y attachés Sire an quactier de flace

600 1580 2644 106 Louce actrattement de Ste Martin Es dont les Ritres de prepuité se hromrront parnie

3376 1592 49 64 7

586 1646 2180 113 ses papiert aisti que le Beul que a été Recer par Nont S^t Notaire.

594 1725 2586 134 tere declan affraachir de toutes Servites des Et Helavages la pessonne de la Ru

3302 1776 119 48 A1

594 1820 2547 136 Marie Françaite Negefre tréole de cette Jsle, Son Ioclade cixte que let nommes

3291 1853 158 173 dur

1603 1 98 27 21

2165 18 236 54 Ger

2177 71 152 63 1e
