2479 2958
1561 1 595 122 Quarantieme Seullet

664 101 1752 155 unquetre vrngl hort ngne de lsle, pluese bas st cent

662 185 1792 171 le toussigue quad pévot de tarmie Faruie daur Veude entiffa

516 281 1893 174 fque M. BelJsle decteur des vines de Parince a declore

644 366 1816 191 par de van deun avoir donne la liberte ala nomme soplice négrene

619 460 1827 157 Beugalie agce d'euveron vingt sivant Aasere sels nomme

618 573 1745 158 jerle el qu'entor dequoi flar donne le peceut pour leu

503 649 1910 166 Cteroir A valor eu reque de Raisoisà goudetour le tent

611 731 1823 184 quette cel reprcent quetre vingl hod Lque poty dun biquef

501 831 1927 153 Plut bade scaoe ant vu pavicon geaudaroat de ladre

601 928 1818 154 Rossel A inititaire de S^e touis lecutement qeueral des aréée

611 999 1792 180 du Roy commandant yenenl du houpe, de tere et de mex

624 1069 1785 194 et datoue les Aablissanent francai au de la du capde touse

616 1156 1785 199 eperane ngué Dusy pleue bate tunne sunt it estane

614 1240 1723 202 et onegenans demeures sornts a la icenute de lacte de dépot

623 1321 1727 205 espédré det autres parte tetout resté au pruvoir e M^e beluu

600 1446 1476 174 Muu des notaie Loussignengue belu t dousir

1191 1533 1181 143 Enregistre pus moi commes guffier jare lde la

1186 1631 1184 148 quridiction Rapale delfsle de France soussegue

1109 1710 1246 140 las Lexpéditionn amor Cre presentée et a Vustont

1204 1792 1151 132 rendite apres rmintiere facte saveculle du

961 1919 797 130 ene, prevent encegistement

1357 1953 1016 158 Au Pal touis Jele de France le

1211 2077 1113 154 prenevaont mil rept aut quatre vingt

1167 2197 269 93 douze /.

1055 2295 39 92 4

560 2440 462 97 iage du d

414 2553 143 77 PLois

557 2537 521 103 Etienne Bumbeit

1213 2479 1014 101 Pnu contrat des condition de

1142 2557 1164 121 Mariage passé devant M^e Douaud et ton Confire

417 2706 676 104 de Delle Constame Collet

1127 2632 1126 109 Nolaires Du Roi en cette Jsle le Seise Jaitlit

1126 2699 1160 102 derner Contrôté le gitre Se Francois Etieune

1112 2767 1202 115 Muabel Copitaie de Mariur Marchande fils Mmiieur

1119 2842 1189 106 de sa fremois humbert habitant au luu dit la Marre
