3025 2479
74 1755 103 60 lu

1077 2 1943 98 Au Gyffe de lui Jeuils diition Rogute de a Jsle des Lance Lendene deque

1 71 58 94 5

66 107 208 121 .1792

1077 99 182 86 Moor

1501 88 19 51 6

2856 104 167 40 emer

13 194 25 55 4

2819 159 204 99 re fltr

2816 253 207 59 ciestion

126 322 87 56 20

2818 337 204 59 intiste

267 355 478 103 estameut de la

50 410 181 111 Ve

991 392 2027 95 fasdevant Nouit Louit heuy Aurand Notaire du Morya de

205 469 767 110 Je Gemyny Ova.

56 538 218 73 rul d.

462 516 2349 139 lJsle de Seance Boussigne, preer les temoist ceq a pres nomeme.

2902 570 120 74 ae

61 626 193 101 dfré

790 633 2232 121 Sul presente La nomme Gemoiive Oie Mazeure, Sanne libre de madognelont

63 775 193 91 Mar.

783 757 2108 106 au Port Dauphen demuuraute ru cette pte Canton de la Riviere noir

785 864 2082 100 Plaines S piesre trousie par avert dant une Chautbre basse de peuudante de

761 1144 2261 128 Memoire & Enten demen Tainsy qu'ilons esteppasee par seur disccntt erdier

765 1268 356 80 Entretuur

2896 756 126 62 pousa

2892 864 95 42 4

2840 936 182 80 Jeples

789 975 2052 90 Care en palissardeit Elevie lur uue habitation cctice a elle appartenant

2843 1016 177 77 la

775 1057 2068 102 Sundit Canton, la dite Ova au Lit Mutade de Corpin Faine toute for des

2823 1089 199 85 Franie

2828 1267 194 74 Brun

837 1316 2032 139 Laquette dan la vüe de la Mord e près avoir Necomandé son Aui

760 1403 2117 143 à D'un Ssupptés sa dieine Majesté de lui faire Misenicorde, nous a fait e dit

760 1514 811 113 Son testement ainsy qu'il suit;

2818 1524 164 59 fiore

917 1579 2062 142 V'ai Cny Enfaur e Patorilde Savoir, Sambe, Sche, Cathitime de

756 1677 2242 172 Jean de Jean Louis Tyuime Son legatement Cheri Dec auxquels moe Cutentioze enléc

2538 1747 28 72 1

2825 1743 194 72 re du

754 1819 893 128 de faire uu Sors cqat i Thae.

2821 1820 183 70 ee

983 1874 2037 160 de donne & Legue re Chane de miss dit vEnfand La sermne de quatie

742 2012 2094 154 huit Mette Livred Saisant quarante mille Livrede Mounoye

743 2130 2119 142 Courant pour eux toudt, Laquelle pome se vuxetre Payee par mon

754 2224 2093 139 Lataire anit cel Gapriss  Pomnie, Dout huil mitte Livred à Chacux

2863 2269 152 124 Lisle

742 2328 2090 131 des dits Sambél futre e au aprid mon déenr avec l'qutont ly apres

2170 2418 824 59 Rhour cntrelu faud enl
