3508 2129
735 131 360 96 avec faulité

1123 137 2033 97 je joius aceligt unq teter desclaver ci apres decommes

737 236 2417 96 Suvoir la nommée julie malatresse créole agée denveron deslucie

741 348 2358 86 aus la noimmée marie Louise iréole muclatresse sa sacur egee ele

740 455 2222 89 vingt decx aus la nommée Bulest negresse ercole agéc

735 561 2440 132 denveson Suze aus son enfan non taptisé agé actuellement

741 657 2360 150 de deux mois et le nommé lesar ele caste imelicnne domestique

740 767 2375 150 age denveror quatoise aqunere aus ledic legs est fuii a lerdelle

737 878 2371 175 Jeannette aux clanses et conditions en presses unonr aucun prelexle

733 988 2377 161 et dans auun tems, elle ne pourra vendre échanger on antrement

726 1088 838 93 alncr les nommier Julie

733 1178 2395 220 leu dele et leur fecilité laditte legataine sera tenne et obligce deleeu

1577 1130 1553 160 et marie Louise et que pour rnecmpesen

735 1288 2300 185 donnée un jour elu quelle sera en etat de jouir et cladnistie

729 1405 1767 133 Son bien par elle même leur plence et entiere liberte

732 1504 1744 151 affranchie dani les formes legales et untéer encitte

2527 1506 6 43 1

2554 1504 533 93 rufen de les

722 1621 2403 213 expusse san laquelle ledits legs deviendracent mils de toute millete

2521 1597 634 139 Colonie condition

721 1741 2376 199 et quant aux autres esclanes e au terens laditte legataire nos

719 1849 1589 139 martiesse d'enfaine jouri et det poser enlonte

721 1953 1760 173 aille entietement appartenants quand elle adniistier

2341 1937 410 91 qopiieté et

2498 2076 67 51 8

2821 1991 276 80 ennie

3295 1 58 55 2
