2446 3508
1931 1 300 100 Vud faate

72 62 2130 144 dot Thesnddt Pardevant les Notaire publies celJle de France sussignes fut présent

2383 161 53 78 e

85 140 2066 162 Contien par Citoyen Guillaume Morise M^re vitrier demeurant en cette velle

2401 245 31 68 8

89 229 2113 154 Eaittᵉ motige lequel adie que la Conventron nationale dans su seanne du vingt cinq

81 405 217 107 Jean

278 370 35 82 5

372 313 1888 133 Janvier mil sept cent epeatre vingt treise v. 1 après avoir e dopté au

2399 385 37 61 3

376 380 1951 140 nos de la nation la felle uneque de Michel le pelletier a deccete a lunanimité

77 498 279 94 Baptistaeafon

91 557 240 82 de Routte

380 473 1919 137 que ladoption cette belle institition des Romainns ferait donnavant

91 619 222 68 divmée de

382 559 1919 132 partie de la legistation fancaise et de suite la Convention a chargé son

2366 572 76 84 teus

74 672 272 82 Iemonnrasen

70 734 282 86 Lascard, et nes

378 650 1853 115 Comité de légisation de presenter incessamment le proee de decut Surn

2293 670 149 101 ent n

2368 738 74 82 1

89 730 2175 137 avant Sus d la doption ce dures a Sans doute été presenté et le made da dopleon

155 863 158 199 44

374 799 1999 128 determiné mais il nest pars enore parvenu de la metropole en celte Colone

380 894 1880 121 Ceqndant comme le pincpe en est decreté le comparant mu par des

399 980 1965 113 Sentimens diunt vive tendresse pour les nommés jean Buptiste agé de

391 1058 1858 117 quinte aus et Baptiste agé de onse aus lour dleux enfunts ele la

2311 1101 64 41 4

393 1140 1895 115 nommée Rosette negesse bengalie epouse devouée de Mamondiasa

372 1218 1968 124 Lavcar lesquels deux enfant Su momée laditte Rosette alce avant

393 1296 1928 116 ton mariige aucu ledu ma nondrasa voulant le comparant que

393 1362 1885 121 lesdits Jean Baplste et Bapteste portenr son noim prent reputée

389 1444 1924 130 Ses enfants et hesitent comme tels das lu muccession fauf qpaur

387 1533 1951 127 a la fonne seulement le mode qui sera eleterminé par la convestion

389 1607 1965 125 a ce faur etaû pretente et est intemenue la ditte Rosette de meurante

389 1685 2023 115 iette ville avec ledu morise laquelle a décaré cousentie a la doption

383 1781 1975 109 u deus fais par ledet monse quelle en remerice sour mnuiée ces

380 1845 1970 133 presentes au besoinn sera i est donné tout pouvoir au portrecu, Dont

383 1935 2002 109 aite faii et passé en double minutte au Port de la moutagne Jsle de

378 2024 2007 100 hance en tetude le vingt hieit thermédo au troisieme de la Republique

376 2108 1902 98 fancaise auve et indimesible le cet moise a Signé et la ditte Roselle a

382 2176 1989 117 declar ne le Savoir ccrise ni Siegner de ce enquest fuivant lordonnance

383 2254 1944 121 ainsi qui est du en la munutte ele pasentes controlle le prenver

378 2328 1954 125 fuule dosper tervier qu'arecu quarante tour et demeurée a durant

380 2399 1859 140 lun des notaire toussigné ligné Durand Siellé lesd. par et au

869 2506 1506 101 Enregistre par moi commér sreffice pure tousigne

875 2584 1516 101 Sur lexpedilion dudu acte a moi repesentér acet effic

886 2673 1495 110 au Soit de la montagne Jsle de france le 9 fucledur

884 2742 1148 105 de lau vuns de te Repte fee une et me

1672 2812 247 85 Busson

401 2954 1994 109 Ertran des misnueltes du greffe du libunal de pax du port de la moulage

62 3016 238 69 De torxidet

58 3069 285 115 12 foati

399 3051 314 94 Ile de fance

937 3104 384 78 mou tetement

79 3172 256 106 restement

403 3225 2011 88 voclant disposer eles bien que mon nedustice et mes travaux mont

54 3264 353 88 Carries e l'Echure

405 3322 1945 104 prouré et dleserant le faire dune maniere qui tout a la fon la tesfasse

407 3426 470 80 mon pofoudres peil

902 3445 290 61 nout inon

1216 3455 97 51 pir
