3508 2046
959 136 1295 109 une Leploit et d'une petite estompe

2301 128 988 76 nctilalee La rassion de

3231 195 46 64 2

949 222 2178 121 les graces dont yedisposerai ansi quel est die cé apres

940 317 2240 113 jelui donne mes deux louquie vües une grande ei une

934 416 2281 136 trei petite jy jour ma canne a fomme dor avcc épèe

937 541 1162 98 et ma belle lampe à la quenquette

936 614 2240 136 Je donne aeRcolar Bartée mon necessaire en argent loute

929 749 2178 114 largenterie qui setrenvera chez moi aprer mon deces ma

921 849 2372 110 lable a trie trac et mon armoire entois dacapie, Jespen

923 955 1390 122 quil nefera mille deffrette daccepter

2351 976 877 92 cette faible marque

930 1075 2211 98 demon Souveue dil la refasair il me feraii regrellie

930 1178 2204 106 ditre autant ton oblegé que se le sues et jaurais ele la

933 1293 2337 103 peens a levoir de bon onet lossque noer nonr reneontieran

934 1379 1345 120 dans le payt pour lequel je sieur parte

934 1493 2114 97 Jedonne a mon ancieu aii Lesouqurd ner pestalal

921 1611 448 97 acleux coup

1411 1594 1645 109 et une parie dle poches ccen coup le.

912 1694 2124 112 une et lec autier gares margent comme jen ai cleccy

929 1802 631 97 pairer a cen cou

1582 1783 1438 102 il choinra jelui donne mon nace

921 1894 2277 126 persuquier nommé Pierre lequet jelui recommrnele parccque
