2725 2479
754 1 469 47 la Premiere i do

746 1 1263 142 Avec Declaration ds Boie et demeires des Je

728 5 1919 207 demandeur Entendon faire Trosiver a Vassembléé et Jnvitation A

2383 64 278 73 Saive

775 103 1598 201 lepoux cafendere eu Comparoitre à ladite Mtsemblie Coy

759 150 1901 223 trouver er Sa Part troii de fos parente Ctaimie, Le Jour fivé

741 238 1948 219 Pour Cette Prermière afrenmblée, dtait te Sir Décembra de l'annce mil

757 319 1896 230 lept Eens quatrevingt Treire, et à la dnande er le pour Demandeur

749 415 1872 203 Avait été renvoye An trente et un du dit Moset, du La maladie dr

765 482 1864 213 repous aé fendenr, er facon quil Sest Econté Sir semanes te

754 561 1909 210 Plus envre la Signification er la Reguêté dr l'acte ou Convocation a

764 648 1875 203 la tenrie ee Cene Franiere Assemblée, qui n'a en lien que le trente

761 723 1890 195 et ui decsmbre mil sepi Cent quatrevingt triire; de Suite L'aate de

739 805 1936 210 La premiere Assemblée, Signifié à lepous de fondene, Vic qu'il navait

715 907 1941 164 pas Compayet a navais fais Comparoitre dt sa pars qui elese

756 979 1868 164 Asbires; defuite L'arte de la Jeconde assemblie tenie Le premier

760 1057 1839 182 mari mil sept Cent quatrevingt quatoire aeux mois Aprés la

765 1126 1888 178 Premiere, or Suite L'acte d la troisieme Assemblée teniie Le trente lan

765 1198 1858 202 may de Ceste Mmaire année, trois mois après la Seconde, enfin Pacte

765 1302 1840 171 de Roquisition tous Signifies à Pepour cefendeur tous ces Actes

754 1399 1899 140 Signifiée d Controlés denmontrent que Lepous Demandour S'est

760 1477 1824 142 Resentée en Jersonne, à Chacune dit as seumblées, et quil a

772 1552 1830 166 pertisté Dans Sa demande Endivorce, malgrée les obierv ations

760 1633 1836 161 ct Represestations ces parent Damis, e même de Sépous

760 1710 1923 171 Defendenr qui fest trouvé à la Seconde de trosieme assamblie,

788 1815 1901 139 Ainsi Juau jour E heuret indiquées Pour la Pononcraton

781 1914 1891 138 du oit divorce Ena Cessé et Faire dit eppositions appuyees

783 1990 1841 152 Sur des moyen Nuls ; vû que le cn Groux denmandenr a

797 2064 1886 157 olsaive et Suivi exactement, Larticle neuf, du mode dudivores

771 2155 1920 144 Lur la demande dun ced Conjoints, Pour Canse Dincon patibillée

691 2236 1934 139 Dhumeur et de Caractire, Sans Indication Dantres motif,

1059 2443 7 34 1

1115 2345 1516 116 pès avoir vû et fu, en prosence des ats Epoux d

61 1874 89 132 80

50 1979 134 96 don 1

35 2107 150 71 Antoise

55 2196 102 99 Sort

50 2297 129 78 Raye

101 2348 79 52 4

2701 2401 12 57 4
