2667 2479
464 1 102 27 et

323 17 239 78 Beptranc

347 75 249 95 Reporinie

655 1 914 114 offiis publit Son liger. Son Cotparies

651 20 1312 179 Spertoile aye de quareutdiingant lBdertranne

646 49 1811 219 Sou Epouse, tous deux demeurentrue de porir, Ladils preporumier ayes

602 134 1895 237 de Ving angous, Lesquels mont de que pour fertennr ae fair de voudre leur

640 216 1880 232 marioye de Consentemant maluel el ont oblaivé les detois e Remplés les

632 308 1876 226 formalites lvigée por bloi ainsi quils en fuslifient por les pucer quelseuon

637 539 179 62 dreir

709 483 1725 168 Vu les ditus puer dont le fair alfustent dé pot au Greffe de la

641 578 1864 183 Menuicipalité Sur le Réquitition leprette des Com parants,; Jai pruoier

647 658 1780 166 au nom de le loi que le mariage qui a Existé entr Jacarie cheulinet e

650 793 877 117 Dertrenne Prépormior est ditous

698 794 1743 183 Le tout en prcsenre Desienne S Laubert, tomédien demeurant

629 885 1856 187 aui de Frévus, de Jolephe Laglane cherurques Demeurant au Chaux dur

629 983 1832 165 de Lau reut demilre la pil ann de harie Ma rehaude dun duce de la

621 1074 1829 187 pelite montager et de Jolaph Eepinir meurner Bourgaistre sonfeor

613 1162 1803 167 tour majeurs d teuoins dont acte et out Sigué / Chauluis. Bestranc

606 1267 1800 144 Chaulimet mait mant Preperemr Logloiie St Lambert meuuos

611 1373 1138 129 de mitre et nare postait offeur Mmnnie ipol

679 1441 1824 130 Collatioure Sur les Registre Courant, por mor afficer publes Soussigior

657 1524 1807 130 Velevre ale Requititon du Cre Carlent au port de le montoege

604 1608 1842 134 Jsle de France le heize frue lidor Lan hoir dib Re pobligre franais

596 1706 1249 114 uue et Jnditisible S. Mie Egouters offeur poblie

1179 1794 1325 114 Euregistré par moi commés Greffier pere voussigtes

1183 1881 1225 92 Sur lepedition elcedu acte a mioi re presenté

1187 1970 271 69 treet effe

1180 1990 1248 113 AnPoit de la monlagne Ilede france le

1181 2067 1300 113 Veuxe fueledor au vun de la Repe fie uni

1181 2177 191 65 et mi

1412 2160 17 33 1

1596 2155 205 96 Bresson

271 2375 200 92 70. fer 177

581 2372 1438 105 ParDevant Ler Poliaier Rojaux de la Sene chaussie de hennel

2088 2436 40 41 —

107 2408 7 40 8
