2479 2792
521 1 1134 130 alaner les nommier Julie et marie Louise a

521 1 1688 194 leur dele et leur sedelité laditte legataire sesa teme et obligée de leur

528 74 1626 191 donner un jour cle quelle sera lu etat dle jouir et eladinemistirer

527 136 1660 214 Son bien par elle même leur plence et entiere liberté; enfin de les

532 217 1722 218 affranchie dani lu fones legoler et usitées enutte Colone condition

535 294 1703 225 exposse Sant laquelle ledits legs devundracent mils se toute milleté,

541 390 1672 202 et quant aux autres enlanes et au tesrens laditte legataire sera

544 452 1686 207 maitiesse den faire jouré et alidposer entoute preyueté et comme

547 544 1694 194 aelle entiitement appartenants quandelle administiere ella meme son

536 625 1694 183 ¬bien Plui je donne a la ditte Cetoyenne seannette un lais deles

553 733 1639 157 gami douse chaner elouse serveltes un bas dannoire une lable

553 815 1679 155 edeux lmoirs une adem a un teroié pour par elle jouir du tout

553 910 1677 130 a mon dicés et pour eaceuter mes dittes volontés pnome et chaisie

566 986 1678 146 tes amis ls Celayens Jenn Rapteste luarut halatant aucanton

560 1050 1630 172 de flacq et Blevre au peut dle la mantage jelu prie deme cendre

561 1138 1655 169 copomtement ce dener tesvce, enoutre jereux et entendr que la dille

553 1219 1694 178 pannelle reste et toit loupours tounire a la susveillance du ce thevene

556 1316 1691 177 jusqua sa majoité et meme que si sa qualité dexecutenr testamentaite

564 1405 1707 178 ne Suffrrat par aut effe i fat nommé son teleur par avir de paceuls

560 1501 1664 158 et dunm la fonnes ordinaines jedeclare anielles tous testaments au

569 1582 1711 173 aciieles que jai pe faire preudemment voulant que le present au veu

572 1675 1688 159 Sapleine et entien exrcculiois et que mes exeuteurs testamentant re

583 1745 1711 173 dessur denommes empruissent aucunement ete troublés encelle, cai

589 1892 621 112 selles tout is volonté.

586 1898 1641 180 tettes sont les volonté ludt testateur Dant lesquelles il adit

587 1969 1713 196 pessister et navoir reeu ay chanpe apiès quele du Notarie lai a

592 2044 1769 191 luie et aclurs a Mante et inteltegible voux presents les temoins las designe

594 2149 1717 171 qu'ont Signé auce ledit testaleur et ledu notaire les memes jour

600 2227 1736 169 mois et an que denant ainsi signis ser la minutte Genart parie

930 2301 1381 148 Lamy Ja for Arnand notaire publie lur la dett

608 2385 290 102 berragee f^er

608 2405 1652 157 minutte est reii en marge controllé au port de la montagne

608 2515 1673 163 Jle de france le deur etesseca de lan troisieme per servier
