3508 1988
664 29 601 100 26. Mesiedor au 3

1170 62 2159 135 Paidevant les Notairne publies alJsle de France toussigné furent presents

573 140 2747 170 relabinement dle Jean Pierre manchossie et Gemoruve Rose le voux Son epouse dle lui

1188 245 2153 126 autorisie a leffet ei aprés demeurant ensemble au canton des Ranics

576 290 498 92 Communante

487 314 74 82 Et

1191 319 2183 130 de Milbune etant cejour ecelte ville et canton de la mntagne. Lesquele

576 362 592 102 entre Maruhossee

495 423 56 107 39

571 404 2724 146 et tou epouse par out dit et declaré que Suivant le coutrat et condituons teuiles de lene

462 516 100 95 fai

588 479 2728 158 acte du 18 pranncat mariage passé devant Jourdan notaire a Parie le trente Decembre mil

460 597 116 71 du

1186 562 2178 126 sept cent cquatrevingt il aété Stépulé cquil y aurait communante de biens

1171 648 2221 125 entreux; mais que par sentence reedue au Chatele de Paris par Soutusion

990 754 18 116 1

1194 724 2162 124 contre le du Miruchossie Sur la demande deson epoure ledix huie May

1196 800 2119 121 mil Sept cent quatre vingt quatre elle avaii été declarie re parée de lenu

1190 864 2116 135 du du Manchaunée pour per elle joure apart et divir dle tour ses bieus

1192 935 2165 150 emonsequence de ladenoiiliation par elle faite au Greffe civil du chateles

1196 1012 2134 142 levingt Six mari même année dicement ininuée ledie Mouchonée

1192 1088 2098 152 avaii ité condamé alui rendre compte de laditte Communanté et

1191 1157 2150 173 alagaranter et teleerer de toute choser aut cyard, que catte teparation

1191 1243 2166 156 navau eté excentée en son entier et navait enquelique sorteen anune

1190 1299 2162 158 Leute entre les parties qui ont toujourn contiméé éle demeuree ensemble

1466 1367 1961 143 et detravaillee muluellement afaire freuit efece leurs intrets commat

1187 1476 262 72 dudepuis

1190 1433 2100 177 audaillemr les ranons qui lea avaent dcteiie alon a se separée

1194 1492 2108 194 de bien nefulesistant pleur auconement ile declaent par un presentes

1182 1547 2139 227 atablée entrenx la Communanté dle bieni sipulée prrleur contras de

1184 1627 2183 221 mrnaye voulant que ledu acte re panne tonte sa ferce et verte ecomme

1179 1698 2193 225 Sil ny avaisen de seperation ponance eutieu et que laditte cCouenant

3059 1914 285 72 arteccudran

1950 1831 1393 155 une dle leur part. pour par les dittes parten

1219 1767 1985 219 debune se contimre perce lauie comme des lois et ce Sans

233 1843 12 43 1
