3225 2479
2390 17 640 83 Ta troiziame fratet

3072 184 125 79 ne

648 154 2403 132 Actes qui Sustifient que Leposise Bemandeur à observe tit porunalités

3073 293 117 58 in

652 235 2333 151 Evique Par la loi, jur le mode du divorce jet quil était fondé danié

639 347 2467 152 la Demande, Pour qu'il Ein Prononce ; après avoir probnéé de nonvaau

3089 499 122 62 ent

644 429 2441 161 Au dit épouse demandeur en Presence desdite temoinsé, S'il Persistait

637 515 2462 161 Dan Sa demande en divorce, E Requeroit la Pononeration malgré la

668 637 2313 150 Lopposiion de lepoix defendenr, et que le dit Epoure demandeur

3101 775 118 74 leus

672 716 2347 166 Nous a En Repondu lt hante Et Intelligible tois, quil Persistoit

659 808 2430 172 et Requeroit que la Prononeration Put Paste Suivant L'acte

655 900 2549 186 dr Requisition ; alors nonolsbant L'opposition et Lé pour de fendeur Presentre

661 1023 2557 171 a la Requisition et Le pour demandeur, en Persasent; et En Pretence ete

604 1127 2600 174 des quatre temoins majeurs Que Lavoient Accompagnée ; Noud

3124 1319 51 34 2

659 1236 2480 170 Avons Prononcee et declarcc Que le marrage Contracté Entre la Ditoyenne

675 1341 2246 168 Marie Françoise Cattel fommé Launay et le ditoyen Cearn

676 1486 2470 134 Daptisse Launay, époure defendenr etoit dissons, Suivant La Loi

614 1589 2453 131 du Bivorce. EtPles founes Preserites à Ce freyet, Dante la loi

643 1711 2463 134 Pur les Actes er naissance, dices Emarsage. Acte Dutont à eté

522 1811 2421 112 Arusse et Sossé Jur les Regiorre de Mariage, en Presence ar le pour

694 1910 2411 140 Semandenr et des Quatre temoins majeurs qui dnt toudé Signés

673 2007 2441 111 En La maisoie Commune du Cantoit de Arais Jslote ; Par nous

644 2107 2452 129 Blandim Chalain, maire, faisant Fonction Dofficir Oublie

3129 2236 67 63 Lue

654 2242 2389 100 et La minute a cie orte suit les Cdiene dits Registres et Reste.

3128 2364 65 62 du

635 2334 2492 113 Deposer au Greffe de la mnmipalité du Casnioir ces troir Jelote, le
