3475 2479
1075 1 816 38 par silit ite

714 60 2725 116 peseutes cie besonn jera i est donné tout pouvoirr au perteur, Dont

1914 1 763 60 epccile en remérice

2750 5 718 76 Voue misiite ce

725 256 2745 132 France enletade le vingt huis thermédo au troisieme de la Ne publiqu

718 382 2622 93 frarncaise aise et indmisible le Cit mozise a Signe et la ditte Roselle a

731 466 2719 115 declar ne le Savou ecrire ni Siegner de ce enquest suivant lordonnance

738 567 2639 120 ainsi qui est du enla nunutte ele pasentes controllée le penver

732 656 2649 129 fucete dospar tesvier que arecu quarante sous et demeurie a vurant

736 743 2548 160 lun de notaire toussigne ligné Durand Sielle lesd. par et an

1466 858 1947 132 Ercegistie par moi tommer Greffece pure soussigne

1479 929 1960 164 Sur lexpidilion elu du cacte a moi repesentér acet effec

1497 1038 1911 149 Au Soit de la montagne Islede france le 9. fuite var

2975 1108 135 72 Je

1494 1138 1503 144 de lau vreus dlele Repte fe une et me

2539 1205 307 101 Busson

282 1508 347 86 De luenidot

793 1348 2651 199 Erbean des mscuiltes du greffe du tibunal de paex etu port de la moulagne

287 1570 381 133 12 foit eol

790 1549 488 117 Jsle de france

1564 1563 517 99 mou testenent

341 1700 347 126 testument

287 1815 514 162 Carries d  Eibire

805 1632 2642 214 voulant ditposer eles biens que mon industrie et mes tranaux mont

805 1728 2576 252 procuré et clevirant le faire dune manière qui tout a la fon la tsfasse

3333 1912 81 69 p

809 1885 2511 222 mon posondres peit pour mon pere, mon atlaitement jour mes

818 1999 2556 267 parents et mon enfretton pour epalqes pestoinner ausquelles
