3317 2479
1136 1 347 45 seneratement

1311 39 70 93 G

1389 1 798 109 nant auxe Biense Qui mapparno

1119 1 1561 194 le les donné et legue Aux pareni et marie Janne du de col ma

1113 72 1374 214 defuste Epouse, de ponsoise, da passemont de liclese France.

2275 118 350 103 e Choisie e

1241 185 1022 157 Sour Exotere mon Present Testament

1071 207 1564 208 Nomme Masharin Garseau Civoyen ee Cee Ville que Seprie

1106 298 1491 179 de Vontoir Dien Prenbre Ce Soirs, et après Avoir acquittn le

1106 356 1519 201 Lege fais à Adelaide le Ser Enfane faise Passer le surplue

1074 454 1565 179 Bes Biens qui mapparsinnont en Ceste d^e sle Anx Parenu laes

2454 513 177 92 Jins titour

1128 564 1293 137 La d^ᵉe marie jeanne du defoi ma defunte Epouse que

2759 577 42 75 15

2866 556 448 91 B. Mermisor L'an

1113 601 1530 168 mer legataires des de Diense, Je le prie en ontre, de faire le

2917 663 398 93 Nepôt du testame

1115 695 1542 163 Eenrôt Nosible, Connairre méé Jntentione à ma famille

2907 717 407 96 de feu Bhilibers

2936 808 254 59 Bomens

1130 773 1540 152 Quant Aux Biens que Seposede en France, et Lantoise a

2932 835 375 102 . Par Allur

1187 822 1486 170 Conssitner Bocurene, Pour Laccomplernent dt mer Volentés

2923 917 144 113 ng^t

1132 918 1526 142 A Cet Egard, me desaisissant Envse les maine de mon de

1139 995 1508 149 Excenteur Testamentaire de tous mes Bion Goneraloment

3131 1086 64 66 31

1128 1085 1399 128 Quelconquer Confonmement a la Contuine a Narise.

1319 1160 1343 137 le doclate que Je dus à pierre prevort pur, ine somme

1122 1233 1528 118 et Broire Conts Solbante ESent Livres vins Rupe

1151 1371 17 51 6

1216 1302 1403 109 aiins a tute et Celle e deux mille Livres An d^e mathuren

1146 1357 1417 129 Gavseau dont Il n'a pas non plus er Reconnaisdance,

1162 1421 1489 139 Pentendt que les geer sommés Soins  Payéer Sane Delaye

1410 1521 1262 105 ce fui Ainsi fait, dicté, nomme E au testatae

1146 1572 1530 121 Par Sacque. Jseph Arnan Divirans Notaise Soussigne

1180 1655 1343 106 Va en Relu Sun mose apres Lantse a hante E

1162 1725 1508 109 Intelligibte Noix, en presence de nicolas sosepte mate Anciee

1044 1801 1622 102 Capiiaine Barsitleie, Ee de Pierre Vantait Porsagnier

1136 1871 1529 99 Demousane Separement En Cette D^e Ville, Demoins

1151 1947 1466 91 Eaprie Venus; et a le d^t testateur Declare Bien

1217 2027 1429 76 Cntendre, et y peroisier Comme Etant Son

1177 2090 1288 113 Oe dontrance et disposesion De Dersière Volonté.

562 1654 30 39 4

553 1678 50 47 rer

557 1731 51 34 12i
