2950 2479
1590 1 1011 74 Eenregistre par mii greffrer en et ef du titrinat en

1574 28 1369 111 France Soussigné pour tenis Leur d'unsinnatin, Sutun Expdition

1562 92 1381 126 en parcheine Re presentée et Rendiie ae fort vsla montagne le

1555 166 1367 130 dexteu freutisot Lase der las le publigne françaiss une t

1561 286 220 74 endivisible

2014 311 240 85 daffcon

1963 415 63 65 doin

767 502 532 73 18 Prainal 3e annéé de

748 517 2197 99 La Pepublique Laise an denaieme de la Républigue Francaiss mie et indivisiblé

782 579 2162 94 une lindisisiisf Le dix huii Frairial, qui Correspond ce Six Juin emil sept cent

779 659 221 51 Cmi

1052 672 55 34 22

749 666 2144 85 Acte O divorce a quatre vinge quataire, Viens Stile, à trois Reires apres midi; jour l

738 728 2137 87 La Cisequnle CisoyeBeures indignés Par l'offiéser Publie, dans Lacte er Rrequisiion, qui a

730 798 2159 79 Vau nay, Trononsé eté Publiée et affiche à Midi, Le premier Suise mil sept Cent

723 855 2166 102 Le L Pravsial que quatrevingt quatorre desant la Maisson Commune et Ce Canton par

954 849 69 48 dst

737 922 514 65 Porrispond Au C. fusie

726 977 410 83 1794 tieux Siile.

1264 917 1644 109 officier Sublie Qui Lavan faite à la Requisitior, de Le pour demandeur

738 1049 471 110 nn

1241 977 1658 104 En la Maison Commune du Canton aestrois Silote Domiile ces

1195 1057 1695 79 aux Epour Lort de la demante en Sevoice e lun ceux Sen

1160 1096 1741 115 PPresente En Personne, Par devaint Bou Bancire Blandin Chalaie

1211 1177 1689 102 maive ; faisant Souision dofficier publ Vu quil na par été

1187 1233 1731 119 Renarune, ae pruus que les Cisoyen pves Boussainte nommé à lit

1204 1305 1723 120 Effes Par la Commune de Casnson, Son Petué cu dit Canton, La

1208 1400 1622 83 Citoyonne Marie Fancase Castel Lannay, aposir demandeur,

1197 1455 1689 99 deullement Epouse du Citoyen Lannay aposix Somatleur

1175 1516 1717 116 Defindeur Aecoimpagné de quatre Temiise majeurs, qui son las

1194 1598 1665 93 Croyen diccla Cassel, agé ex Soisante Doirans, Pere de le pour

1156 1659 1714 103 demandenr, Guillamme Castel fils Agé ertrente Ante frare oudit

1182 1727 1681 106 Epous Demandenr Jacques Vivien Age de Cinquante y uatre ans

1190 1817 1697 90 Ee Jean Pierre moammes agé de Vingt Cinq ans Aecomplis, et les

1176 1901 1705 79 quatre temoins Cn de nommés Sons Donnciliée An Canton cel

1183 1974 318 79 trois Jslote.

1307 2054 1585 97 de Cinoyen Lannay epour refendeur, à Aussi Comparie, Vu l'acte

1182 2130 1639 109 de Requision à lui Segnifié Par lépour Demandenr, a

2 0 328 95 te, fai proiir

0 74 205 87 haulrt

11 185 283 100 demeurant

0 359 344 94 n drue de la

0 431 349 118 qoi dce sonfeur

0 746 409 117 àie Sousigés

1 1253 366 91 frannce le

2 1320 414 112 Repre fe an
