1921 3508
130 5 61 76 4

122 64 381 72 dmoise Dan

115 169 442 62 Cadeption et Bavite onol

922 159 932 127 Arar au Registres de naissance du

103 226 351 107 dlene Besutoir

263 309 97 65 et par

959 206 866 148 danton De du Rorire du Pempast de

111 339 398 85 Constaan Aore Seff^e

902 313 578 98 Pondre dor. Ce Septieme.

516 366 1342 148 Ce Jouzhuy Octoi de la Faiire auave e nosse, l'an

512 448 1340 134 Boujline de laf Républiqne Francaise une ly indivuible aux fiust

491 512 1371 150 D'avoption et a la Reguibition de René Beanbois Biol de aitte

507 584 1335 148 Jsle, age de teutd Six aus, Babitant ce Domicilié de ce Cantor

466 662 1378 135 Parie Du piron, et et Connance Thuise Son Epouse Crcole de

503 744 1172 113 Cotte Jle agé ae vingt deux aus habitant Ensemble.

602 818 1229 136 Dous Joseph Piare igonzen, officer, Publie me suis

497 886 1365 135 Pransporté Et La maison Commune, du ait Trouvé de en Réné

477 970 1375 123 Deanbois, t Constance Thérse Sa Fanme, asfsissé de Silvain

483 1032 1359 125 Ducondzay, Créol de cette Jsle agé detrente huis ause Babicant

487 1093 1357 132 Et Domicilié de Ce Canton, Piere Puombilon Béol agé de

483 1165 1371 138 Drente deua aus, Françoie Prrois Czéol agé ae tiente Tron

483 1253 1359 128 aus, de Francois le Cog Créol age detrent Venfont, et et

450 1309 1404 164 Joseph Etienne Cruol agé de Vingt Neuf aus, bous, toubrant de

403 1393 1441 160 Domicilies de Ce Canton Partie Du Geron Jma été Beausé

462 1467 1410 152 Par Reue Beanbois, Le nommé Banile Enfant Agé ce

470 1539 1402 156 Donze aus, qu'il Ma declazé êtze son dils né avant son

452 1609 1410 170 Maziage avec La dite Constance Therie, de Margnentes Czéole

468 1695 1382 173 Appattenant au Citoyon Honget Pre, avec Laquelle il vivait;

468 1787 1390 173 quil V'évait achaté à l'age de troie aus du dit Aioyen Hongor.

468 1868 1394 166 La Ddite Constance Atézese En Presence des temoins Susditse

454 1966 1388 158 à Declare que Par hainitié qui Requait Entre Elle et son

429 2059 1413 152 Macy, ayant Plive Cet Enfant, et de Son Bophe

417 2124 1457 191 Mourement, Elle voulant Lacopter &e Lavopte de ce Jour,

411 2221 1447 176 de Regardant Comme Son Propré filé et Estendant

431 2328 1425 166 quil Devienne Son Desitier, et au Cost quelle

397 2424 1465 158 Dienne à Avoir des Esfant; qu'il Pastige Egalement

421 2512 1462 181 vet En L; Bont Jag Pis acte ct la Dite

421 2621 1460 167 Constance Bezise ne Eer Sachant Ccire, Le bile

421 2734 1459 154 Et les Temoins out Signes Pavic Vouse

421 2843 1386 187 afficere Publie Aense Signe Rene Beanbon

395 2960 1516 183 Sitoais Decondray Pierre Gerombeton, Bassioie Greaite
