2479 3000
2158 11 77 39 rer

2233 11 22 20 0

823 3 620 100 est pour ette envoyée au tent

2140 33 150 90 Bele

815 6 1070 190 auport de la montagne Jile de france le vingt neut

815 36 1198 229 par termer qui acca deux cents livres est demeure

1885 131 398 139 Greffie quré u

811 85 1309 261 e posessiors. de Donand lun au notaie toussignes ainsi sngné

811 305 204 98 e denand

1225 223 612 150 Enregistre par moi Come

1231 216 1004 217 Cespeditton eu dei acte a nui re presente

1231 275 1006 233 et par moi renducprés mentien facte ser

1231 408 699 138 cille du pesent enregistiement

1988 473 277 97 fa ret

1221 401 1076 225 ausoit de la montagne Jile de france le sepsept

1225 540 667 153 memdor au troi de la Republe

1231 675 96 81 inde

1317 658 43 53 de

1422 663 215 87 Busion

340 853 296 93 22 Mesidor

895 761 1227 220 Par devant les Notaire Publecs al Jile de France

315 953 385 108 adoption par J° 13

296 845 1926 315 Fraford de ton^e Me Louir Soussignés fut pesent Esoyen Jeun Nafteste Greneud Maford

286 1086 452 130 Creote et douation à nelle

753 1056 520 107 demeurant encelle pille

2092 1101 95 69 mez

728 1023 1499 223 Lequel adit que la convention nationale dans safrance et eu vingt

723 1120 1277 213 cing Janvier mil sept cent quatre vingt treise, vieux setui

716 1200 1489 188 avoir adoyté au noin de la nnation la fille igue lle eé che

703 1283 1435 183 le Pilletier a decrité alnaniniité que la doption cette belle

708 1335 1562 205 institation des Romainns ferait donnavant partie de la Leginlalior

680 1445 1515 185 framaise et deseute le Convintion a chargé son Comité dte

658 1523 1622 193 Lequlation de pusenter munamment le projer de dures etu la doption

660 1620 1557 178 ceduris a sons doute eté precent et le mode da dopion de teimé

655 1710 1535 156 mais i nest par emoie pars enu de la mitropole en cette Ddonie

656 1808 1537 147 Cependant comme le puuccepe en est durett le comparant mu

648 1883 1547 160 par lu Ridements dune vine lendresse pour la nommée marie

643 1970 1604 150 Louise Creole libre felle de la nommée Catherinie negresse ircolle

643 2078 1590 135 enlane du lit Le Roux tmoten voulant la Comparant

635 2165 1627 151 que laditte marie Louise porte sou not fou reputie son enfant

626 2275 1622 131 et herite delui comme telle Sauf quant ala fonne teulement

616 2386 1606 127 lunde qui aura été de temiiné palr la Convention natéonale

611 2521 1531 97 par ces mumer pesenter le comparant voulant puver

600 2623 1608 138 le can ouladiter marie Louis vibendeait ce Soiter de ches lui

53 2175 102 120 Dop

53 2315 183 88 an

1075 2851 101 99 35
