2479 3158
2396 21 26 47 4

428 1 1527 109 autiement. Laditte donalieers est cinisi faite teunee

2384 121 89 75 reu

412 33 1894 172 du Sentements éle tendiesse du Donateur ennen la donalaire

398 170 1280 130 que parceque tette est lavolonté du premier

2387 261 63 81 ce

393 212 1933 180 Pour facie insinuer cer presentes au besoin sera il est donne

386 284 1896 200 tout pouroir au porteur dont acte reques et oetroyé pours

2391 450 59 83 à

389 368 1958 174 Servüe et valdie cequede raison faii et passi endouble

2396 535 60 52 30

359 450 1912 174 nionutts au port dle la montagne Jsle dle france en letude

2391 596 56 60 i

370 526 1979 188 lesrise messulor ten troisieme de la Rpubleque francaise une

2391 657 63 64 er

368 610 1967 174 et indvinble et asigné et la Cet marie Louise adeclare ne le

379 698 1957 165 Savoir ni ecrice de ce enquise mivant terdonnience, la memette

389 789 1879 146 du orventes controllée ledix neuf dudit mois parr semicie

358 857 2070 169 ¬qui a reuu treute livres et dlemeurée au cit Dusand lun des

396 936 2033 183 notairé toussigné lignis durand et en marge est ceri Siellé

862 1029 1532 149 Enregistré par mei Commés Greffier puie sur

872 1098 1508 175 lexpedition du dit acte amui reprusenté et par

2350 1240 25 131 3

837 1196 1501 147 moi rendu après mentiere faite Sur ceelle dls

879 1310 611 98 present enregistrement

876 1319 1476 165 au vit ele la montagne Jsle ele france lecixsept

881 1386 1496 175 vingt deux messiclar cen trois de la Repuislege

876 1526 823 123 frmcaise une et indivenble

1687 1557 253 71 dusson

50 1600 575 124 R2. Mlessiclar au 3^.

15 1703 511 98 Veu Maluelle entre

21 1703 2277 174 le Gry et M. Jeanne Dun colthat de mareage passé entre ja Matthiar Ligrs et marie

556 1763 1689 158 Jeanne Pempure recu par ls Notaires belice et Brun et Belui

17 1886 251 117 Sampusa

524 1835 1742 175 ¬qui en a gorde urutte et controllé au Port ete la montagne le

2357 1996 57 53 au

537 1919 1722 170 punice messidor par urour et scellé acté extrait recqui Sieur

77 2136 21 65 4

280 2005 2058 203 Et pour lestiime et lamitié que le fulure ont de le porter et dont ils veuleur

63 2201 68 106 44

289 2070 2023 221 te donner dit margues reu proques la futur asnestée et autorisce aut effet

296 2154 2024 214 de su pere et mire i se font par res presentes fait donation pure et Semple

293 2252 1943 190 et en la meilleure fome que donation jouisse valoir au profie des

296 2333 2032 188 Survivant ds future, ce a prepté respretivement par lu fatur pour ledet

308 2422 1972 158 survivant et lu lit et Edoyene Pampesee le peres et mere pour

321 2503 2035 165 la future leur fille du quart apelever Sur le prx estumalif au lavede

319 2607 1984 136 desdits bieus meubles acquets couquats papred denien complanes

321 2682 1933 188 ciluer alf et autreu beur qui re Nouirea oit fy apparteur au

1013 2998 108 119 35
