3508 2338
788 149 1047 115 Jedonne a Jacques Cotterit

2821 161 392 81 Trentiieine sactet

1870 190 599 91 Siex mille levius

2520 236 399 106 argent dle

783 255 2294 167 la Colonie plus une de mis montres dont il aura le choix

2999 284 64 42 09

3246 266 139 80 aillet

778 353 2338 167 jelui transporte en ontre mes droits et reclamations peric

3340 390 19 42 3

3280 424 86 52 3

3417 410 88 83 re

780 459 2287 143 le pret ala grosse faii parr la maison Berard de lecent

3431 500 69 54 J

796 563 2375 137 sur mon cantionnement lon de tembarquement a ba va

3197 596 175 95 inela.

3284 652 71 49 2

3417 657 85 65 ent

789 663 2385 155 deepere defamelle de tou fere Policarpe et dle ser nieces peure

783 766 2450 160 Serendre ni, le de pet te levant a anqmelle levier en Capetet

3280 797 113 64 la

3284 875 221 80 11779 teur

779 885 2723 148 plus tenteris maritime aunsi que ceux pour retard dle payement etan

795 998 2342 111 cequi ma constitué pour letont enn de boussé de tix mi

3148 1039 37 106 4

3354 1071 144 66 4

783 1100 2418 109 leves et quelgerr cents tevres que jai eté oblegé de payer ce

3292 1148 126 65 5

774 1189 2406 120 J. Jacques Berard et compagnne les titres de ma creame soû

763 1298 2505 128 ches le Sieur Pamentcer procereur rue hante feuille don coleres

3342 1298 54 81 7

760 1405 2350 126 lefera reterer, je lui remêts encore la dette envers moi de

3310 1413 88 67 ne

3341 1511 34 43 2

762 1520 2419 124 douze cent leires argent dle france ontreuv era son bellis

771 1621 1974 119 decette somme deus mes papiesa je lannielle

775 1737 2427 123 Jai preté sept mille levics a M. Chauchard pour etre eployecs

748 1843 2432 100 de compte adenmi danss le voyage quil a entreprés pour le Prqe.

752 1939 2459 92 Jelui donne cette nesditte Somme de Sept melle levres ainsi que les

3315 2008 148 79 le u

749 2030 1394 97 benifrce qui peuvent en etie resiiltés

3323 2127 133 49 2e pe

757 2102 2441 122 Mr Labistour ma remis trois mille levies argent de la colonie

739 2191 2442 143 prur les faire valoir ean pofit ele su petete felle dont je Suir le
