3508 2329
892 77 2217 93 lile de france en lelude lan troii de la republeque francaise une

891 186 2271 97 e'endiviible levingt luii parrial après midi et cont lesdellie

887 295 2269 98 parties declaré ne Savoir ccrise ni Signer ele cecnqeesee tieun ant la

882 398 2311 98 loi ainii quil est dui aux deur minuttes els presente dant lene

863 503 2246 99 est pour etre envoyée au leursan des Chartres et laute controllée

857 626 2257 101 auport de la montagne Jsle de france levingt neuf du dee meces

854 743 2334 101 par tereur qui anu deux cents levies est demeurce en lagarde

852 847 2372 100 e possession dle Donaud lun lu notaiie toussigne ainsi signée Belin

850 948 327 89 et Dinaud

1559 982 1661 103 Eiregistre par mai Commée Greffier qure nei

1569 1094 1585 87 Cpedetaon du det acte amoi represcsele

1570 1181 1591 102 et par moi renduc pès manteren facte ser

1563 1274 1078 101 ccelle du pres ent enregistrement

3453 1324 51 51 -

1559 1383 1705 93 audoit dle la mont agne Jile defrance le depsept

1551 1477 1667 100 Memdor au trois de la Republique fe ene et

1556 1552 216 108 inden

1876 1579 300 118 Busson

85 1764 481 96 24 Mesidor

50 1929 631 116 adoption par V 19

692 1908 44 74 le

1048 1867 1959 121 Par devant les Notairee Publécs al Jsle de France

6 2044 735 114 staford de la n^e M. Louiue

828 2055 355 85 Soussignés

1196 2018 1979 125 fut present Citoyen Jean Bapteste Gremend Mafoid

819 2189 362 79 demeurent

1211 2165 437 105 encelle ville

3400 1 83 77 14
