2683 2479
640 1 423 88 Marie Joseph

645 59 2000 187 fatare avéc le cit contone pour par lesdits enfants susnommésfi

1094 26 1554 161 contour enfants legetemer du prennir mariage de la Sette

1115 1 1492 121 yartiendront aupour deson decee a Rene pure et

1986 1 643 63 on duttere dlelour les

643 133 2005 165 jouir farie et elés poser pescillement dudu tiers ou lun deux Siul en can

632 201 2019 161 depredeccr dles antres aussi en toute proprieté acompter du jour elu decns

625 263 387 73 deedu futur

593 318 2015 147 Es quant aux deux auttes tiers des bieur qui appartiendrent au futent

600 393 2029 138 au jour el sonduie il eleclare par cecs pasentes enfaire aussi donation pure

588 450 2038 147 et somple enteiifs et en la meilleure fonne que donatian puisse velon

582 520 1990 112 a Marie Lesui tamèce felle de pâtrice lenn et ele annette le cant

592 592 2008 93 pere et mère de sa dette nicce demeumant cactuillement encutte velle cher

585 648 1968 98 la Ces le Dufour en qualité dle pennonnaiie. Pour par laditte marie

567 703 1989 99 Leui jouir faire et disposeer dles clax tie dans lans les biene qui

563 786 2026 80 appartiendront au futai au gour dle son decns entonte propuité au

549 851 2061 71 moyern des presente aconipter du pour dudes decis lesdittes Donstiun

544 907 2078 77 fastes pourou quanver jour dudlies de futur epour il ny au anmuun

542 966 2090 76 enfant vevant ne vu a noitre dudit futui maraye mai til y enaimu

534 1035 2085 62 squels venssent adender en minoiite au mune en ma jouté tans evour

534 1083 2088 79 de pourvie par manage ou autienment et vans ansie resloblement disjon

528 1143 1988 75 de leurs bune lesdittes donationr audie can repres deant leun entiure

523 1199 2025 92 soie sverte comme Sil ny avoit point en denfants moir dos lecar

512 1247 2041 109 denfants dudu futter mainage lecie Lesn eteclare par an presentie

491 1301 2094 118 faire donation a laditte main Lins la mun dte le fomme ele cingnante

490 1362 2107 111 aulle levier aprecedre Sur leplus clain ele biens apparents de la fuussion

490 1419 2118 112 anjorr de soursiun pour par elle puie faire et dis poour de lacete toenne

483 1487 1956 109 aussi enlonte peu priité accompler dujonr deson du decue armant

487 1545 2072 118 et pour faire enregistrer et ansiun cer pesentes peaslant du laroin tera

483 1603 2091 121 les parties en ont donné pouvour un Rileur de lexpedition des pasentie

487 1698 625 104 et el eu requeie acte.

1218 1718 1252 121 Emegistié par moi Commes Greffier qure

1170 1801 1376 113 toussigné Ser lexpedition eudu contrat aemus

1166 1888 796 108 represeidtie et desents rendur

2614 1903 41 36 14

1154 1929 1435 145 Auost de la mantoyne Je le de france l'an troisteme

1143 2005 1438 146 elele République francese une et endinisibile le

2621 2053 37 52 4

1147 2129 770 106 25 Messiclor au V de

1947 2141 241 77 Bunon

1238 2357 78 104 40

2612 1692 31 80 1
