3117 2479
528 1 57 44 1

3002 9 95 83 dd

902 1 1694 107 Parmentcer proceereur rue hantifenie re

442 48 435 100 thes le Sieur

3032 123 45 51 2

444 50 2336 217 lefera reterer, je lui remets encore la dette envers moi de

446 185 2402 173 douze cent leires argant dle france ontreeur era son billet

453 322 1924 136 decelte somme deis mis perpier je vannielle

454 406 2404 175 Jai preté sept mille levice a M. Chauchard pour etre eple yces

432 495 2404 186 de compte adenmi dans le voyage quil a entreprés pour le Pign

2964 662 147 85 le a

433 586 2429 185 Je lui donne cette sesditte Somme de Sept melle livres ainsi que les

2961 787 147 47 1 V

432 727 1333 137 benifiier qui peuvent en etre resceltés.

435 758 2407 185 Mr Labistour ma remis trois melle lures argent de la Colonce

422 851 2409 210 pour les faiie valoir en profit eleve petete felle dont je Suir le

2953 981 30 64 2

425 977 2438 193 parrann, se veuy que pour cette romme il lui toir ccrsmplé celle

428 1097 2424 159 de douse mille leures afrn il sui prouvce que ces argent a prospere

2975 1242 77 42 ur

429 1228 2418 143 curaison de latt achement que minmperait mon aniable fillecule je

2993 1315 17 64 6

422 1351 2434 130 lie etonne ma petite montre der aquantienes avec une chame

2998 1403 10 65 -

424 1486 2377 96 dumeme metal quon trouvera danss ton etur renfermé dans un

439 1589 2329 106 eles teroire dlenmon leurcau a pepitre Dune leun est une

3009 1655 55 59 22

450 1721 2460 102 boubonnière decbelle bloude Ceyant un médacllon re preseutrer

3024 1750 69 95 3.

457 1826 2424 153 Sx pelits enfants qui dansent je donne ce bépore a mafilleule

444 1962 2334 125 enlui recommandant de le conserver comme pour ans Sercecu

2724 2114 10 59 6

449 2087 2212 122 alii rappeller detenis en tenis le Souvenr de son parran

3070 2156 34 75 3

458 2207 2423 142 Jedonne amon ainni lecaublant nma bibliuttrique et loces le

3060 2279 39 100 4

451 2357 2358 106 letfres quelle contrent, plepue aum daccepter Mmon leureau
