3508 2312
2687 150 529 83 Tosneime fe

305 190 398 113 22 florcal au 3

855 219 2175 127 Var devant les Notaire publies alJle de france soussignée

3049 276 17 60 7

914 344 2370 99 et present Jean Loui Garnier Edoyen de cette Colona et ainien charson au

326 369 575 115 acte daffranchissemr

3391 380 37 55 4

217 466 642 115 de marie Magdelame

867 443 2472 108 tourie de etai demeurant au lieu dit la grande Revière etant cepur en la velle

227 557 559 104 par J. L Garniur

883 531 2434 139 du port de la montagne. Lequel voulant reconnaitre la fedelité et les services

159 658 541 93 ire donation.

899 639 2480 126 de la nommée marie Magdelaine qui depuis louques années a pistoin de lui

908 730 2394 124 et dens intérêts et lui adonne endifférentes erconstance des marques

910 825 2437 121 d'attachement peu communes, il déclare lui donner par cen presentes la

908 927 2497 124 libeste pour par elle en pouir comme li elle était de condition libre, quil

3468 985 29 39 8

193 953 72 196 19

554 1051 21 56 5

895 1021 2481 135 a renmpli a cet égard les fonmalitée prescrnttes par la loi suivant quil résielte

70 1147 125 102 3

905 1126 2468 117 du cartifient de l'agent National endutte de ce jourdhué et a dememe

908 1235 2486 111 tatisfait auy dvits de communt luivant cquettance du tresrice genera

912 1337 2429 114 en datt aussi de ce même jour; tout quoi peur leci representé lui a été à

905 1437 519 82 teustant endu.

3423 1487 46 50 4

127 1534 77 81 83

886 1519 2512 101 Et pour asturer un toit a laditte marie magdelaine et nepar la mettre

885 1605 2465 117 dans lecus ditre Ae charge a la colonie etant deju d'un age avané

891 1730 2530 97 il lui a par ces pesentes feuit donation pure dimple errevorable et dans

895 1830 2447 108 la meilleure fonne que donation puisse valon ce rccepté par la delle

908 1926 2463 120 marie Magditaine pour ce comparante avec ledu cet Garmier ton me

914 2043 2455 112 et autans eque faire le peut pour sle lesdits notaires toussignés de tou

913 2150 2462 113 et chauun les biens qui se trouveront lui appartenmé en cette Colonie aug

116 1942 153 101 Esde

172 2078 102 92 10
