2479 2658
793 1 343 40 tontre le du Mis

787 1 909 108 mil Sept aut quatre vingt quatre elle avan éte

778 1 1349 167 dudu Manchaussée pour par elle jouii apart et devir dle tour les

778 13 1575 215 emonsequence de la denoiliation par elle faite au Greffe Civil du Chateles

777 82 1551 204 levingt Six mare même année decement insinuée ledu MMauchosée

771 147 1529 202 avau ité condanmé alui rendre compte dle laditte communanté et

1811 191 517 116 que cette separation

775 262 1030 144 alagaranter et telierer detantes chosee aut cyard,

765 258 1581 208 navaie été exceutée en son entier et navas enquelque sorteeu auune

762 301 1578 215 Seute entru les parties qui ont toujoun contenué de demeurer ensenmbli

756 355 1646 220 ducepuie et ditravaillée maluellement afaire freut efece leurs intrents commun

756 416 1536 221 que dailleur les raisons qui lea avaient éteteminé alon a Se se parce

754 481 1546 193 debieu innfutesistant plur aucunement ile declaent pui cun presentes

744 519 1565 220 atoblér entreux la communanté dle biens sipuléé par leur contras de

746 590 1608 217 manaye voulant que ledu acte repanne toute sa force et viertu comme

737 642 1619 220 Sil ny avais en de separation ponaice autieux et que laditte commnante

738 719 1483 192 debieus se contimce pour lavenie come des tois et ce Sans

747 757 1587 223 restriction nreserce aucune de leur part. pour par les dittes parteus

737 840 1597 208 juur en commun de tout a qui peut appartenié et leeur appartiendra

500 998 129 147 Ceur

731 919 1554 189 par la seite ainsi et etela menière quel a été stégulé audii cetat

729 977 1565 195 Suidatté quels veulen et entendent qui torte ton plenn et entier effet

729 1045 1577 189 et vu executé selon sa fonne et leneur ci pour faire iminuer lu

722 1132 1563 191 presentée par tout ou letsoin sera les partis enant donné poureu au

719 1202 1621 178 Poiteur de lexpedition des pesentes et d'en requene acte cai aimsi voulu

723 1272 1571 160 et cousents entre les partier pomettant dee oblegeant dee feuu et passe

719 1339 1582 155 double selon ledu en la ville de la montagne Is le de france en letuil

725 1422 1579 137 lan tron dela Republique francaise une et indivisibile le dphun

722 1489 1626 164 praca après midé et ont igné ayrés lectiure deux nunuttes ees presentre

722 1550 1668 162 demeures au pouvor dle belin lun elu notaire toussigné ensmite elelaine

712 1625 1546 152 desquelles eit ccrit controllé autoit ele la montagne Jsledlefrance le V

707 1686 1576 164 memdor de lon traisneme recu pearante tous tigné servier tignes

706 1836 342 107 Brun et Bellu

1252 1791 1142 143 Enregistré par moi commée Greffieu jere sousigne

1263 1882 1059 111 Au lexpedition dudet acte a moi repusiiele

1280 1968 1108 93 et rendue après meution du pesent enrequtre

1285 2042 1053 100 Auddit de la mont agne Jile de france le

1269 2127 858 105 vngt Sy memdor lan 7 de la R

2161 2111 176 95 u fls

1269 2222 351 77 ui et ndble

1647 2257 195 104 Bumon

66 1921 44 47 qe

60 1952 56 63 cai

56 2011 56 56 in

825 2374 110 56 G
