2842 2479
2186 369 461 88 Vingt troisieme feun

929 404 1297 155 fais le passé An Son de la montagne Jle an

2657 439 132 66 relad

2745 490 32 59 —

760 488 1890 152 pancel, Lieu Jusdit, Le premier jour Avant midi de la deuviene de cade

732 546 1900 171 du mois Thamidor L'antrois er la Rrépublique Francaise une l

742 626 1929 170 Indisisible es ons les d^te notaires a temoins Sen lement Signé Le present

779 703 1872 182 deline en Breven a la Regunision du testateire Lequel à declaré

785 775 1879 202 ne pouvor Signer à Canse a la soiblesde de Sa main Signé Panlait,

2694 914 110 70 n'été

786 913 1254 166 matie, a Beurrant. /. Audessont Een Cent.

1450 954 1251 150 it Ainsi en L'osigmal annexe a la preaneire minute

1250 1032 1451 159 de L'acte er depos dons Expedition est dul Antree Parte le tout

1266 1093 1502 176 Resté en la Garde en possession de Desrrane l'un des re

1305 1191 1013 138 notairee Soussignes. Signe Barrant.

1574 1232 1132 170 Nregistre Par moi Greffier en Chef du

1451 1330 1258 156 tribanal d'appel, Soussigné Sur une Eopedition

2716 1351 110 95 Come

1445 1411 1273 156 E moi Represensé l a VJnstant Rendiur

1454 1495 1273 154 Apres, meniion faise Sur peitte du present

2702 1547 105 71 de

1468 1640 438 106 Enregistrement.

1660 1612 1088 177 Anport de La tontagné Jsle

1465 1713 1265 162 de France le quinze therisiidor  Lan troise

1468 1783 1345 180 dt la Républigne pancaise une l indioisitle il

1469 1900 944 156 trois mots Rayer Comene nuls /.

2300 2023 256 91 Anftftan

2770 2153 10 58 1

234 2282 593 133 B Mermisor Lan 7

1133 2200 1684 189 Ardevant Jes Notaires Publics a visle de france le

2770 2320 66 80 6or

799 2392 373 84 ent onssignés.

1822 2419 68 58 31

1916 2348 830 129 Ollier negotiant de Cerre Jsle
