3508 2462
391 257 689 98 EI Mlemdoe au

2714 263 538 118 Vingtieme feuillet

3362 337 111 54 3

333 381 735 108 contrat dde mariave

1402 365 1586 116 Dun contrat demariage passe entre Maurice

525 455 239 90 Entre

1164 492 164 144 negt

1390 448 1889 111 Letam majur et Jeanne La mé felle mu jecere épouse

329 529 694 112 Mauri ca Lecam

1329 538 29 85 5

1403 519 1886 103 dinonce avec troii enfants du cet Ccontone ledu aste

570 626 40 67 4

1413 592 1902 121 coutrat recu far Belin et ton confiure cqui en a munutte

380 707 289 95 sanne

721 651 311 106 daime

1421 667 1876 124 le deux Messidoir dlelan troisieme dle la Républigne

1422 755 1913 116 can rollée le quenre Suivant par servier eacté extran

3369 797 88 74 été

1417 882 364 74 cequi Sien

823 960 2530 154 Et pour lesteme que le futur perte a la future il eteclare pau cer prusentée

819 1031 2429 164 lui faiie denation pure et simple entre vifs et enla meilleune fome

825 1098 2442 180 que donattion puisse valon ce acnepté par la feature dutiese de tour les

823 1173 2503 178 biens meubles et conquets ummeubles praprenet deniere comptais qui

3395 1287 67 72 ee

808 1244 2534 189 se hrouveront dut et ceppartenir aufutui anjour deson décis peser par

799 1311 2565 203 la future faire jarr et disposer dludit tun entante propuité au moyen

793 1371 2535 216 du presenter acompter du jour dudecès dudei feteur, et en car lle

799 1453 2605 222 pédecis de la fectiere Sans enfants du present marnage lefectur declere

782 1542 2533 207 enfaneur dudit mariage transmettte la donation du tiere delour les

788 1629 2421 194 biens qui lui appartiendrant aujoir deson decei a Rene pure lt

774 1709 2587 185 Marie Joseph Contour enfants legiteines du prenner mariage de la dette

775 1778 2594 197 fatiere avée le cet Contoier pour par les dits enfants tus moinmes fi

779 1864 2586 199 jouir faiie et eles poser parcillement deudu Liers on tun deux Siul en cci

766 1925 2606 244 de predecer dles autres aussi en tonte prapiiaté acomptér du jour elcedénn

755 2143 384 102 desdu fulur

725 2089 2565 241 Et quant aux deuux auttes liers des bieus qui appartiendient au futent

733 2182 2614 223 au jour e Sonduis i eleclare par ces presentes enfaire aussi donation pure

1028 2260 2329 200 entuiifs et en la meilleure fonne que dlonatian puisse voloi

2205 2349 1064 111 un et ele annette Le ceni
