3300 2479
2519 100 651 101 Dixheuitieme faillt

633 212 2073 108 ou elle demeure par mariage du autrement ledit

644 327 2461 109 Etaford lui fait donation einnie vefs es rrrevoiable a la ditte Marie

3131 417 56 54 2

636 437 1527 112 Louise aie presente et acceptante Lavoir

3134 468 83 89 I

647 501 2473 150 d° dun noir malgache nommé adonis agé dle vingt sept am

632 605 2431 151 D° Dune negresse mosambeque noimmée Reta agée de trile

3126 650 106 86 rau

619 707 2438 137 aus ou enveron d dune somme de deer mille Livies une

612 801 2449 176 foir payée le tous exegible commi il est du et dessus lejour an

3130 860 114 82 te

600 908 2463 148 laditte donataire tortere de chir le de cratien pear mariage an

604 1020 2408 136 autiement Laditte donatieri est ainii faste tuns en racson

3136 1086 55 44 20

593 1115 2434 161 du Sentiments ele tendiesse du Donateur enners la donalaire

3138 1149 93 39 e

3126 1222 114 65 ven

566 1253 1669 142 qua perceque litte est levolonté du premiir

3134 1295 62 72 e

578 1324 2472 170 Sour facie imsinuer cer presentes anbesoin tera il est donne

3133 1374 99 67 ie

566 1424 2435 157 tous pouvoie auporteur dont acte requis et roctroyé prenc

559 1565 1484 104 Servir et veldir cequece roison.

2093 1508 978 115 faci et passi enionlla

3145 1614 79 88 d

555 1611 2432 161 nionette au port dle la montagne Jola de france en letude

3148 1688 84 67 2

553 1700 2534 181 le sise messidor ten troisieme, de le Rejublique francais ure

3151 1771 67 66 e

555 1782 2510 175 et induiuble, et asignt et la Cit marie Louise adeclaie ne le

3141 1850 90 76 det

555 1882 2516 185 Savou niecriee dece enquise suivans lerdonnance, la menuutte

553 1992 2415 164 du vuointes controllée ledin neuf dludit mon parr sernicie

3152 2086 40 52 1

538 2069 2514 192 qué a reui trente livres et dlemeurie au cit Diurane lun des

589 2163 2450 198 notaire toussigné lignis durand et en marge ast cern Sielle

3120 2306 28 55 4

1205 2280 1878 160 Enregistre par mi Commés Greffier pare tucu

2289 2386 790 91 ei repretenté et par

3107 2335 24 95 1
