2479 2900
33 401 597 106 du V Memdor au 21

35 592 272 84 du 23 puis il

430 539 1737 166 au jourdhus vingt trois du mois de Fairial de lun troisieme de la

2343 649 45 69 d

30 673 366 89 Testament de Jean

24 745 364 89 Louis Genert hab^t

441 618 1831 163 Republeque francaise une et indinsmble aquatre heures e dene du voir

25 816 355 91 ru Canton de Flocq

454 692 1817 155 laidivant le Notaiie Soussigné publie teussigné cissisté et en presence dle

25 876 392 90 ragutré favacte

444 765 1902 169 Pierre Bemier menuisier dle Profession et de froncois dumy habitant

30 929 363 118 Lepairia

193 982 118 78 Vue

441 852 1884 154 domiiilies Separement au lieu dt la Riviere selre au tanton de flacq

441 990 1099 99 temoins idomes exprès recques et soussignes

431 1010 1888 161 fut present jan Louis Genert habitant au lieu dc la rivièse Seche au Cantorn

299 1147 680 108 1 de flacq alosle de France

420 1135 2015 184 Leque nous avous trouvé gisant au let malade dans une chandre agant

436 1229 1909 143 aures de chaunée d'une maison sur son habitasion auquel lieu nous

435 1308 1916 140 nous tommes exprés trans porté a sa requisition assisté comme dt est ; mai

422 1383 1870 141 ledu genest étant Sain despui et dentendement cusiquil nous est

425 1440 1842 167 apparu par les gestes et parole. Et noum ayant declare quil voulais

2454 1508 10 70 1

417 1520 1849 152 melle ordre aset affaire il nour adiité mot a mot ses ordonnance

412 1591 1809 160 de deueu volonté ainii quil seui je veux et entends que toutes

411 1675 1864 135 mes dettes toient entierement pagées et leqedies Je donne et legue

2361 1725 61 56 vec

407 1743 1891 145 a la Citoyenne Jeannitte juine felle agée denvéron cing ans trouvée cher

399 1812 1967 153 moi Sur lhabitation quocuppe et pom de agoursleii le ce Bouhoine

393 1891 1913 150 dans ce cantoin en lannée mil sept cent quatre vingteedie et baplésée

390 1968 1956 163 enfant tronné et imoinu la quaritité cle douse orpent de terre apeudre

390 2059 1951 140 demon habelation que poccppe actuillement an dei canton dans li

382 2155 1913 126 endioin commable et que designercent mes exceuteurs testamentaire

380 2237 1961 144 i apè nommer afin deu pes mure a la fituation totate ele nils

372 2358 1974 127 terreur noulant marnmanns que lenit dours arpent nient prir

380 2476 1865 127 dan un len propt ale restun et etont vn per leir perte

959 1 1292 94 moi representée s par moi rendu apres mintion

2340 1 32 47 4

949 61 1110 117 faitte lur cielle du present enregistrement

2404 120 29 57 de

947 119 1270 124 Ausort de la montagne Jsle dle france le unq

2329 106 48 129 1

957 178 1335 139 Mesidor au B de la Rque fie une et indt

2337 236 58 73 38

1695 307 224 74 Busson

2325 299 63 69 i

2324 367 101 64 des
