3333 2479
705 67 2263 244 ayant eté li et relu un mot après lautre andie testateucr

702 170 2394 230 il a declaie y pessister et etre ses demires velontes reveequant

707 290 2415 219 tout testament auterieur fan et passé en trenet ce la requesition

705 381 2356 238 duelû testateur Port et ville ele la montagne Ilede france

705 494 2535 215 en la furdette maison le decudi de la troisieme dlecacte de Gemiiat

707 614 2510 188 de lan trois de la Republique fancaise une et indevisible avant

2903 731 169 92 les

717 760 2168 164 la cenquiine partie du jour et le testaleue a signé avet

721 844 2527 168 temons et le notaire ainsi Signé Madoré Chapillain Nolers

727 981 1351 142 et Bala Collationne signé De ville

1251 1149 18 61 8

1280 1049 1902 175 Enregutré par anvi commis Greffrece juré voussigné

1309 1173 1791 158 sr texpedition dice lui amoi refligrée par

1318 1286 1841 161 le Gruffier du Jnge de paix qui ce la minute

3225 1359 41 40 10

1327 1411 1864 123 en depot, la dette minutte rendue après mentiein

1326 1528 1460 105 faite lue celle du present enregistrement

1326 1625 1885 122 aufoit de la montagne Jle de France le vingt sept

1327 1724 1638 113 Parial delan B^e de la BV^e fie une et me

2988 1714 110 91 lelé

2233 1863 313 95 Bysson

1081 2087 2066 142 Dun coutrat de mariage passe par devant Besibard notaie

1085 2174 1967 159 Publie au quartiée des Pemplemousses Jiles de France aetite

1067 2290 2107 135 lan deuy temoins le premieu pairies de lan troisieme de

1643 2383 1364 94 ancaise une et nndviible Juement
