2479 2733
852 1 820 68 Janssay, apoure de fendenr étoit

495 1 1927 169 du devovre et les founes Prescrite à Ce frept, Dande la la

546 6 281 92 Daptiste

410 171 2053 161 Dresse et Jossé Sur les Regisre de Mariage, en Presence a lépour

510 98 1946 169 fur les Actes er nassaice, deces Emarsage. Acte Dutont à eté

552 241 1879 176 Serandenr en des quatre temoins majeurs qui Ons toute Signés

530 321 1924 163 En La maisire Commune du Cantoit de Aroit Jslote ; Par nous

507 402 1938 165 Blandin Chalaie, maire ; faisant Jonction Dofficier Publie,

514 504 1860 138 et la miniute à lle porté suit les Ddian dits Rregistres et Reste

2409 542 66 59 em

498 563 1976 167 Deposée Au Greffe de la municipalité du Cassion de sroie Lelote, le

527 707 919 115 fours, mois Et an que aessus.

493 737 1925 167 Marie francoise Castel, Castel, Castel fils, vroer, mammes Lame

568 810 1789 181 Francds Blandin Chalain, maise faissns fonetion ovffieur

540 977 224 101 Public

521 1067 1037 144 faisant Conesion duffresir oubtie ./.

850 941 1472 158 Pour Copie Conforme à la minute, Blandin Chalane

1152 1241 1228 120 Greffe ou dibunal d'appel, Soussigne,

1371 1138 1003 128 nregistré Par moi Commis Juré du

1146 1305 1317 135 sui une Copie à mor Rrepzesinté l a linstait

1017 1383 1449 130 Pendu, après menrion faite frece icette de eten

1145 1468 802 98 Preseut Enregisirement.

2372 1494 81 83 en

1108 1597 1322 155 france Le 25 frnctidon l'ain troie de la  un

1282 1515 1086 147 Au Pou et ville e la montagne ssle e

1098 1677 1203 170 Republique francçandune et Sudiositre S.

1597 1822 256 83 Bussin

2319 1834 90 95 d

2354 1902 87 102 rit

1 2005 2405 146 C frntiere Laide Pardevant Le notaire Publie au Canson de la Raire

2365 2125 53 88 4

9 2216 2360 117 andré Chappe Cy apres ommmes fus Presens Andre Bappe, marin

499 2303 1853 115 sor son Etat, Age de quarante Auit aprse Enoiron, Natifes

489 2398 1844 155 Masseille, Varoide SComolle Pildit Jean Bapitté
