2479 2567
898 1 34 26 37

881 8 244 106 uil fuit

1754 1 405 66 Set lonir

1131 21 583 117 Remierement drdonne

882 8 1591 195 Si Ancans Se trouvent, Répares Par son ecrcuteir testamentan

891 186 451 103 Cy après nommes

1029 129 1420 201 Roulant Le trotateur, Recompenser Lut Lidelit

2081 216 353 87 Réqusse

868 252 1181 161 Services que lui à rendu la nommée Ronsrance

857 279 1594 195 malgache, Son esclave, agée eingt aena ans Enoiron Declare l

864 350 1539 197 Ensend, quarivant Son Decus, Elle Soit Affranchie de tontes

831 429 1562 207 Srvitsdes Generaloment quelonques Ainse que Pierre Bienvense,

824 492 1613 223 son fils, Anoii malgache age er hiun an l. Voulant qu'apres sa mort

1899 567 511 84 e Pierre Bieuvense

831 617 1057 144 aimsi quil et Ce dues dit, les dits Constance

832 638 1577 210 Souissent des previleges et Prerogarives Accordées à toutes Personnes

827 804 560 98 mil et Condision libre.

1025 802 1412 163 Et Lour que lesdits Ses Eclave ne Suissons aire Charge a

805 865 1616 166 la Colonie, malgré les talene de la dite Constance et Ce quelle fens

818 946 1603 160 Ainr dr ses Epargnes, le din testatope lui lay Donne et teque la

808 1009 1622 171 Somme de leire Cent Livres une fois Payée a presiere Sur le plus

801 1080 1608 159 Clair de Ses Diens Seront Snricense Parillement Puib les

807 1173 1609 146 frais Des droitse Pour Parvene à la Confirmation dudit

800 1250 1633 140 d affranchifemeyt Dont il Charge Jn exceutenre Dessamentaire

797 1337 1576 141 dlaguelle somme de seize Cet Lures la dite Constance Demeurera

805 1428 1421 129 Comprable a la moinie envers Pieire Bienvene Son fils.

974 1505 1420 109 Nomme et institice, Le restateur, Pour ses legataire, Par

774 1584 1627 107 Donon Egale Ses fares et joeurs DemeuransE à Laville

770 1689 1641 75 De marteille eré autres lieux Adaquets it éelaine le surplus de Ses biene tanten Cette

778 1758 1635 90 Jsle quen Europe, pour par lux soir de Lunisersalité déceux er La manière lidessin

790 1851 177 69 Bépule

907 1863 1493 102 Eet pooer Lexruition du present levrement il nomme La Personne de Jean

791 1956 1630 94 Aniel mavin, faisant ordissaitement sa demeurs en Ette Jsle à la ville du dor tele

781 2040 1636 97 La nontagne Lese las Sabence dd^t auiel, nomme pour le Sepplees en lad^ee

778 2127 1636 90 Exeuation la personne d'Etienne Brittant de meutant en lad^e Ville du Portde la

774 2207 1636 100 montagne ,eatre let mains desquels il se de sraint de tais Ses biens Suivant

778 2287 1663 104 la Coutrune. Ce fut ainsi fait Dicte &nonnse par le testateur audt notaire

75 1702 73 102 35

95 1796 9 45 1

77 1825 75 48 ron

75 1873 76 62 luii
