3513 2346
552 117 95 124 4

505 204 121 97 De

500 312 126 120 Zai

516 430 101 96 B

553 525 60 54 10

1020 46 17 77 8

1278 282 2198 138 Montagne d Cette Isle, Etant Ce jour sur son lis binne

1371 199 2126 126 Emere, Demeerant Ordinairement en la ville du Pors ar la

1523 117 1980 147 Dappé, Mʳ Tonnelier, et et marsanne Cabache, Ses pere

1364 370 2129 122 Chambre D'une maison Sepenbante er Eerablssement des

1347 448 2126 129 Dabisations de sacques la Ronse, Joirés au Susdit Canton, huiu

1360 536 2132 133 Du la poutre dor, malade ee Corpe mais Sain Pesprit, memoise le

1370 630 2098 112 Enrendement, Ainoi quil en appariu Anaenotaire et temointe

1350 702 2129 124 Joussigné, Epquel Craignant que la maladie Dous il en atseimt

1323 785 2173 122 ne le Passe frecoiniber lDance lavne ermort, mons a requis

1337 881 2131 123 ar Recevoir Son Destament quil nous a dicré mot à mot ainsi

1330 995 335 123 Qquil fuis

1656 1011 1816 143 Eemierement Ordonne, Sese Ditres Pagéen ra toble

1345 1126 2165 103 Si Anesuns Se trouvent, Réparés Par son evercnteir tebtamentaire

1349 1225 666 110 Cy après nommes.

1568 1264 1900 131 Donlant Le trstateur, Recompensir Lut Ets delet

1324 1358 2130 133 Servicet que lui a rendeu la nommée Ronsrance Négresse

1307 1449 2176 120 malgache, Son esclave, agée eVingt anse ans Enoiron Declare 4

1325 1526 2088 134 Entend, quarrevant Son e euus, Elle Soin Affranchie de toutes

1276 1612 2120 150 Servisedes Generaloment quelconques Ainsé que Pierre Bienvense

1285 1704 2177 146 son fels Anosn malgache age er hun Aul. Joulant Quaprès sa mort

1283 1772 2137 164 aiisi quil ess Ce dees dit, les dits Constance ae Pierre Biouvenis

1303 1866 2118 168 Souissent des previliges et Prerogatives Accordece à toutes Personnes

1270 2005 793 106 nil et Condition libre.

1568 2050 1891 142 Et plour que les dits Ses Esclaver, ne Suissens aire Charge a

1242 2128 2199 158 Cla Colonie, malgré les tatene de la dite Constance et Ce quelle benr

1581 2230 1853 114 las Cargnes, le dit testatoe lui lay Donne et Leque la
