2479 2558
376 260 68 120 Pd

400 355 25 59 4

351 443 65 87 2

343 515 60 114 J

345 622 60 70 et

318 699 60 76 33

314 773 68 83 Eet

931 342 1542 158 preenr francis Enrot et dierre maure dementan tuus ditx  la paure

2024 358 398 72 treute dnabrienme puillt

2247 329 101 44 len

915 409 1551 142 Edur, temoins blequis et appelles erprés que le present Pori tevament a ctélér un

916 486 1513 130 onot lun aprés Lautre, au testatecr, il a Decaré y pertistte, annittant et

922 562 1551 140 Revapeant tour autres Testament et lodicilles quil pourrait avois Jeuedemtment

899 645 1560 115 fait, Sun tessant au present tomme Contenant Ses entenbions Lor donname de

861 721 391 96 Dermière volonté.

999 800 1477 99 faitet pasé double Selon Pldit d la Soudre dor en la hasibre du le valeur

859 891 1617 95 dont mintion Cidemes, le Sorfrctidor de l'an trois de la Republigne francaise

879 976 1597 101 une Len divisble, où Le vingt tront nout mil Sept Cent Duatre ingt quinse v^e Slite

864 1064 1586 102 avant rund, La le testeteur avec les temoin Srpré deux minutes dis presenters

823 1159 1651 94 demeurer au pouvois de Batleau notaiie Soussigné, Lune des quelles mi nute

845 1243 1619 102 pour Eté emryee au uveare des Chartres des Colonier Lautre Pestiet en l'lluit

808 1350 1666 93 dedtᵉ Nolaie, à la Suite de cCitte derniere Esblévit Controte ausort le la

841 1443 1626 115 montagne Jle de France ce Quente fractidor ce lan trois Reuu quarante

835 1531 1224 118 Sols Signé Servrcs. Signé à Lexpudition Bolleau.

1495 1627 442 71 En marge er levit

871 1676 941 130 Setté Lesd^t. Jour San aec par cephé

1168 1770 1308 107 Enregistré par moi Greffier en chef dre tibrinal dappel de

1157 1878 1320 95 Liste de france Soussigné sur une Expedition depresentée et Cendt

1157 1961 1319 103 a linstant apus mention faite sur cetle dupresent lnrgistrumen

1148 2029 1328 142 Aufort e la monbagel le e france le D^e Jor Comptm entain destar

1159 2161 579 135 Béesla Rep. F^r cene d ind.

1742 2150 77 102 14

1822 2218 82 112 At

1937 2233 99 91 No
