3508 2438
922 144 2087 111 jai der olegations et don de la reconnaissernce après ancrér

914 242 2146 111 couseti mer de voirs et mon cveur Sur les moyent dle concilice

909 358 2146 102 requerigent les devere sentement cqui maniment jeme Sicer

896 475 2076 97 arreté aux dis positrou Suivantes queje denre cqeon exccute

894 581 2031 117 tomme les demieres velonles i un homme qe nayant en

887 690 2154 138 ancuns bieur de patremoine peuse avoir le divn de disposer a

890 803 966 88 Son pru de cex quil a ecques

883 912 2092 97 Je nomme pour excuitens testamentaires Mesnieur Acola

849 1018 2272 115 Berbé et charles Pitot, je nedoute por quacauze de lametie quels

854 1126 2145 102 mont portée peudant mavie et par consideration pour ma

854 1233 2221 107 memoire, ili ne refuseront par cless charger eles toims que peleuce

848 1339 1464 95 confie et pour lesquela je pecux les assurer

2352 1358 780 111 dle la reconnaissance

845 1438 2199 130 dle ma famille Ilest miute ledire que Si l'un ctex etais a lsen

829 1546 2192 137 ou emprité par quelque canse que ce fet dle Surveillee ma

829 1671 2210 122 Suuession lautre aegeran seul San que cette iercemtance

818 1793 2353 131 put mere inrun changer a lexecution dle mes dernieres ententions

842 1897 2335 148 Jaffranchis le nommé Jean crcole mon esclave fils dle la nommée

808 2034 2344 148 Paquette autrefois a moi appartenante au jordhui a lesongere

788 2161 2224 117 sepie mes executeure testamentaires et efaire tonm de lai les

794 2267 2300 152 Sonnalitée necessaires pour assure seu liberté. Je lui donne la
