3333 2479
2484 181 536 121 quiasiian fuallte

44 220 579 147 27. parrialand

3028 209 33 66 9

572 337 2237 121 Extran des minuttes du Greffe du tubunat de pax elu Port de la

3145 300 103 70 Sur

3156 364 104 56 7

66 410 356 109 testament

187 497 125 96 de

603 442 870 111 montagne Jsle de france

48 563 2988 136 Pierre Madoré Pardevant le notaire public alsle de Freance et ler temoins ci après nommés

84 717 39 106 M

597 691 2431 117 toussignés fut present le Cit Pierre Madore Marchand demeurant en cette

3067 673 63 116 4

590 800 2380 91 ville maison du Cet heymanss dit Famand maitre tailleur dhabits

432 853 52 174 5

585 902 2365 104 nalef dissandur en Berzy lequel etant dans ton li sia en un

2987 935 44 45 —

3178 849 115 90 iet

585 1008 2467 124 appartement dani la Tout malade de Cop mais neammoinss tain

590 1126 2474 102 despu memoire et entendement ainsi qul est eapparie ausdits notainc

593 1227 2505 95 et lemoins dans la vuc dela moit craignant den etre prvene avau

3114 1205 49 90 1

596 1302 2422 135 davoir mir ordre atec affairer afait decté et nommé le present sou

607 1424 2330 108 testament et erdonnance de dernière volonté iquil vent et entend etie

3218 1421 102 71 Nur

606 1532 1954 109 executé après la mort de la manière et ainnsi cquel huiu.

597 1609 2430 120 Declare letestateuu quil lui appartient uin enfant Criole de conten

3240 1612 51 80 2

600 1716 2548 114 nommé marie ayée étenoiron ouze aus que cet enfant lui a été

592 1815 2347 125 donné ala charge de lui puiurer la liberté que deja il aremplé

604 1933 2387 130 plusieurs sonnalitée pour la lui otenie cqueles pecer Se trouvont

594 2036 2390 144 aupvurdlui egaries ou sont au Derectoire que dans tout les cies

589 2126 2486 171 Voutant assierer le Sert de laditte marie Vune marnière mo aseable

601 2236 2474 179 il declare par ces pesentes que veut et entend quaussitoi lon decis

1429 2345 1570 132 le ele saperseiime et jouisse dle tonte les
