2479 2725
334 1 1589 94 au Port Louis Jsle de france le vingt quatie acrert

1952 1 189 32 V4

325 75 1365 120 cent quatre vingt qualai acrest signé decluse

358 142 1899 136 Je renouvelle les dis positions cidevant enonecer a lexcepliou

328 233 2013 137 decelle qui dessque Burtéé et Pelat pour mes executeurs testamentan

2353 275 62 42 —

336 328 1858 138 teloignemenm qui Existe entreux ne me permet plur de les

2327 352 86 62 23

2379 428 78 54 1

337 411 1811 141 charger coupointement ele lexécution ele mer dermieres

348 478 2088 153 volontée en consequence je Sclestilue mon anii Ceaubla

336 581 1914 135 a la plare de Charles litot lequel jesgere ne me saura

2388 658 34 67 6

337 637 1970 180 peur mauv un gré de la peference cqui le sonne Sur lus

330 767 1887 138 a Nirolas Barlée elle est fourlée Sur une uneienne

340 849 1910 157 amitie et Sur les droits que cet anii sest acquis ame

2316 897 125 68 flé

346 923 1848 173 reconnaissance par une foute deservice quil ma rendie

2316 1003 119 32 vin la

352 1012 1825 185 Jaffranchis crès ellx negresses Rosette et constance

345 1080 1937 199 ainsi que leers enfants je donne achauine Six nielle

2294 1173 75 33 5

343 1188 1878 169 lures et mes exceuteurs testamentaires peudrant des

348 1271 1968 182 moyeus pour que ce don son sistout profetable aleeus

346 1373 2058 162 aufants. Jerecommande Routte a Mee La bistotee et no

2329 1453 63 48 3e

342 1500 828 127 Constance e Me Barlie

2229 1526 151 60 —

1164 1554 582 100 àlessiedor au

1800 1527 397 88 ume jegue

2224 1578 183 70 Ihalain

345 1592 742 133 Port delhle de france le

2238 1669 45 55 1e

340 1618 1914 177 Lecluse Signé et cestifie rasitable au dene dlu proce,

343 1713 2090 179 verbui endatte clce jour dex fucitidot an troisteme Repullicr Ces

2397 1824 57 95 id.

340 1822 1449 165 Sigué Rudelle Collationne signé Develle fils

2382 1921 40 63 —

681 1927 1619 136 Enregistre part moi toisinis Greffries juré soussigne

695 1998 1737 139 Sur une expedition Iudu testament a mei repasentée

698 2096 1708 135 et rendue qpres meutiiors du present enrrggistrement

692 2180 1647 143 Aufoit de la Montigne Jlede france le tlasize

2279 2257 51 59 e

693 2323 426 96 fucilidor au

1149 2281 1086 115 un dle la Reptᵉ fe ui et mi

1662 2364 326 109 Dusson
