3513 2196
13 136 33 60 6

1 291 36 72 4

2 403 33 48 6

0 459 37 87 4

6 586 26 70 1

384 69 24 88 9

884 197 918 114 Auport de La montagne

1829 154 128 110 Eé

2008 80 1467 185 à Jour Comptlementaire de Las d^e Signé Sévre

3467 170 39 50 2

884 286 932 145 qui a beru Duarante fols.

1663 329 937 148 Suit la teneur de Lannex

796 408 2636 209 Lan milSept cent Jnatre vingt donze le mardi vingt trois ctotre huit heure

828 496 2581 220 du matin Sil au campeles jeni libres vée du paure port et partoise St Louice

866 645 2570 161 du nous nous sommes Exprés transporté à La Requioition de la nommée lizabells

855 734 2583 200 Negrene Libre, oir etant Somme entré dans une Case au avons tronce la d^e Esigabett

827 827 2648 196 etendui sui son lit malade dle Corps, mais faine dEsprit, memoire dentendement

848 945 2617 190 Ainie quelle noude a larie et au ptesmoins Soussignes par nous appelle sa defant dun

818 1055 2610 169 de nos confieree, Laquelle nous ayant reqques de Plecevoir con levament Lordonnance de

813 1161 1773 156 deruiere volonté, la fait, decte e nomme Ainé quil Suit

979 1244 2455 185 (Declare lad^e Airabets que son avoir consiste 1° dous la Case ourelle et demeu sante

828 1360 2606 172 pluus, en troid Erctaves nommés Lubin,panne, et le nomme Cotté en mevonnage

790 1540 764 109 depurs Sensans eneron

1051 1511 2381 197 Declare quayant auepté lasrunction de Jaur Jran François nomme Libre son petit fils

804 1633 2672 187 elle a à Recouvres sur les far teuit habitant partie du pix dune habitation precedemment

801 1745 2655 164 Vendie par led Jean francois And^e Sᵗ fadheuit ; mais ausse quelle est ledevable aux mmoseur

791 1832 2658 181 Chartot de defférentér sommés provenant de la suubion dudt Cchartot, et dont le d^ᵉ fr Jean Frantoin

766 1959 2666 145 stait de posntaire en suplité de tateur des mineurs Sur nomme ; quelle ne peut pontisement

1159 2033 2277 161 montant de Ce dont ette Se tronve Redrouble aux dit misseurs nayant pas encors
