3508 2354
1361 180 2139 94 du Derrem Cmplacement qui mappartient et eot Contign

1374 261 2084 94 a Celui du Ciroyen Corteret, Püe mot la, Avec la Bharpente

1369 338 2102 109 qui se tronve Dana La Cour du C^e malin Edesinée a monta

1366 432 1280 92 un Pavillon Sur le dᵉ Emplacement.

1356 595 2125 99 des meubled es effetse obitiers qui se Trouvent ans  da

1595 490 1847 123 Je donne en légue à La d^t adelaide et a ses Enfant, tous

1364 665 2091 101 Cambre Quils Oecapent a Chacun un Couvert darqnt

1339 754 2121 93 Et une fomme d troir mille Livres Pour la mese le lee ditse

1348 855 309 76 En fans.

1649 914 1759 100 de conne  Legne à ma farmille Tous Leel Bien

1335 1018 2008 106 seneralement que leongnes quil mappartiennent En Fance.

1619 1116 1844 91 Quans Ause Bienre Qui mapparsiesent Encette Jsle

1321 1205 2134 92 le les donné et ligue Aux parenil et marie panie au de cof ma

1033 1370 97 69 —

1300 1282 1916 118 defunte Epouse, de ponsoise, de passemont de Picle a France.

1478 1366 1907 126 Gor Excster mon Present Testament de Choisiile

1224 1462 2164 116 Nomme Matharin Garreau Citoyen er Cee Ville que Se prie

1264 1564 2081 116 de Vouloie Bien Prenore Ce Sois, et après Avoir Acquiste le

1247 1621 2131 153 Lege fais à Adelaide et Ses Enfaur, faire Passer le jurplur

1195 1748 2195 123 der Biens qui mappartiennent en Ceste d^e Jle Ane Parenales

1259 1843 2118 133 La D^e marie. jeanne du defoi na defunte Eouse que Jinstisir

1229 1930 2157 134 mer legatanes des d^te Biens, Je le prie en ontre, de Faire le

1199 2050 2214 131 Durot Nomble, Connaisre mécé Jntention à ma faimille

1239 2147 2183 123 Jaant Aus Biene Qne Sepossede, en Fance, et Lantosise

1483 2202 1938 150 situer Pocureme, Pour Laccompldement dt ner Volntée

228 1815 11 112 1
