2479 2617
625 1 1055 94 ditre autants ton obligé que je le Seur

625 4 1641 167 fene a levoir de bou onnd lossque nour nons rencontmons

626 120 954 132 dans le payt pour lequel je sieir parti

623 152 1515 182 Jedonne a mon ancceu ani le sougard mir pestalet

617 219 1520 188 a deux coup et une paue de poches aun coup les

615 302 1523 167 une et lec auties ganies margent comme sen ai dleix

628 379 1500 172 pairer a un coup il chasira jelui donne mon nace

620 456 1642 169 persaquier nommé Pierre lequel jelui recommerinele parceque

617 539 1639 160 cest ruu lue bou Sujt auquel je Soutrante le leouteur doni

615 651 1343 131 peut jour un enlane celu davoe un bon maitee

600 721 1614 149 dutrouvera parii mes effets un pelie cerain en qalucher

610 809 1607 133 verd leque contiens deux begnes lune enfonne dle coce

601 902 1623 127 et tautre ovale entomée de biellants elles teront adiessées

599 978 1606 147 toutes deux a M^ Charton masoume amée demeurant

600 1090 1570 110 a Leou ruie deiree maison Verrotier ony poindra man

591 1166 1645 139 portrait ala mine de Romfs dtestampe la raison et les gracee

590 1261 1641 112 dedcé a M^e Aduen Poulet et une tabatiere dcaelle noirs

587 1343 1634 121 cede et gorge noi avec un medaellon en chereceut, du

593 1445 1618 112 sesa parvenir letout pur les moyens les plus Siurs

588 1541 1574 100 aladresse que jai indequé cedeses je recoimmande cette

585 1623 1584 95 Commisnion a mes mcutriers testamentaire lerzque ma

591 1718 1568 89 Sour anné tera en passession ds obzet cque je vieur

583 1801 1731 103 de ditailler jla pue de choisir pour elle une dles deux bagues

581 1900 1722 91 et de remelles lautre ele ma part a ma souur Percgne

590 2007 1589 104 Je laise a moin respeclable pere la jouissance entiere

571 2095 1649 107 de mes biens pur lesquels it disposers aton gré de la

575 2204 1685 107 somme de cenquante melle levres quant au reste et après

577 2304 1787 119 lui il ser partagé par cqule portion entre mes feres Sorn
