3508 2212
822 143 2678 154 d Cmployer Sons moyens lonr Se Conciliea avec lepour demande

821 253 2659 151 Auquel on a Lu Pusiours Requêtes du Citoyen Lannan à Ce fujet;

810 358 2630 136 Paiter maine en foune doppontion ; S à fini Voyant quil n'oltenait

771 455 2678 159 Pren de Lépoure demandeur Par oire qu'il S'aspasart à tout, même a la

827 561 2199 146 Prononeration du dit Divoice, et quil ne signarait Poins

1114 646 2354 165 La Citoyenne Lannay epour demandeur, après des Oleservarionse de

823 742 2630 166 Representaionr en Presence acee temoine majeure, dte nommes Pu

827 852 2642 163 Rant, et quelle Avat moite apacccinpagnée, a presentie Sa Requete

817 920 2630 183 en demande a divose, en date du Deuft dena Boveimbre mil sept Cent

828 1018 2632 209 quatre Vingt treie, Vieix ftile  Sour farise d'incompatibilité d'humenol

779 1125 2657 202 e Peractere, Sanse indication Dantres Mrotifs; taguelle à été

841 1225 2621 214 Siqnifice à de poure aefenceur Anisi que d'acte de Convocation Pour

813 1312 2586 251 La Premiere Assemblé, qui a eté Aussi Siqnifie à Lé pour aefendeir

810 1457 2666 213 qvee eclaration a se Voins et demires aes parens Cainie eque Lé pour

784 1575 2677 197 demandenr Entendort faire Trouver A Lassesmblie en Snvitation A

840 1650 2629 263 tepoux cefendene er Comparoitre à La dite Astemblée Loy Saise

823 1737 2629 269 trouver er Sa Part troin ce jes parente Ctainis, Le Jour Sipé

2045 1858 1440 140 stait le Sir Decembre de lannée mil

794 1939 1223 186 Pour Cene Sremiere Afsemblie,

1808 1949 1632 176 Triste, et à la domande e le poir Demandeur

926 2078 770 132 à Cents Quatrevingt

2034 2069 1364 141 in du dit Mocet, Vû ta maladie de

3299 2144 102 66 4
