2558 2479
778 19 195 69 faten.

1035 1 540 70 Laditte Jonalion

774 1 1724 167 peme mans de futier il ny au avccun enfant né ou ancaitie en

771 60 1742 194 juteer manage nienr Sil yen avait et quils vinnent enneute ca

768 133 1765 172 dececer en minoiité au même en maperité sunm ancir été pourevu

765 196 1786 196 par mariage euantrement et Samavoir valablement dispose dle

758 272 1769 175 lans biens, la ditte donattion under car regrendra Sen enteere

752 338 1793 186 foue e erta comme Sngavait pout cndenfants, et pour faire

750 407 1799 179 insiiner ces presentes partont au lesoin sera lu parties en ont donne

752 513 1450 157 pouvoir auporteur de lexpedition et den acquereracte.

1373 583 1142 156 Euregistre par mai Commés Greffur pure

1352 654 1161 153 toussiqne lur lespudition diu dc coutrat de

1348 740 935 124 mavage amoi re preseutée aut effe

1340 782 1182 151 Au Port de la montagne Jlede france le

2268 838 273 86 pocnten

1337 880 838 126 26 messider au 3 de la Re

1825 964 259 96 Busson

249 1115 357 81 20 mars 1792

734 1053 1801 152 P Dun coutrat de mariage entre le cit Milpde Lgloire M^e laitter

371 1217 166 83 entee

866 1133 1581 112 Dhabita ma pur et Delle marie Chenr fille majeure née a Bals

230 1242 85 62 Im

845 1191 1627 131 drocese de Nantes en Bntagne veuve ayan enfants d'Audre Josept

260 1249 545 136 Philippé Lotoir

870 1242 1619 140 Canion Separée éle bien davec lui par sentence du 3. T^br 1785. le

221 1362 624 122 marie Cheur V^e Casion

867 1312 1608 129 du contrat reeu par Duranr et son confiere le 20 mars 1792, qui

866 1371 1607 143 en a garde munutte controllée le 22 Mar Luivant par servier a

867 1499 529 83 eté extrain cequi lieu

544 1494 1943 194 Les futers epoux voulant se donnée un témoignage de lestime et delamitié quils

552 1565 1945 178 out lun pour lautre Sefont par ces presentes donation entre vifs mutuelle et

548 1626 1965 178 irresocable en la meilleure fonne que donation puisse valoir, ce accepté respectivene

548 1700 1943 162 par chatun deux enrequi le concerne ; le futur epoux a lafuture prase de tous ree

542 1762 1894 163 bieur meubles et immeubles generalement quelev nqus qui se touveront lui

538 1833 1978 157 appartenr lois deson déces pour par elle en joié entoute poprieté, et la fulure

538 1917 1922 146 epouse au futur epouy detelle part que leufant le moins prenant ansa dron

537 1980 1983 150 davoir dans la succession pour par lui en jouir pareillement en toute popreeti

535 2056 1938 128 Cette donation mutuelle nausa diffec quantant que lon dudéces de lien

537 2136 1963 132 des futars epour s uixistere aucuse effet enfant néaianaitre cleleur mariage

1282 2313 94 93 42

1924 2319 21 49 5
