3508 2329
2564 119 177 67 41

579 307 1356 121 qui a marque reeu quarante vous

2018 287 689 115 Vest ainsi a la

2635 213 684 135 Dixseptieume feuillet

587 415 2545 132 munutte restée en possession du notaire publie qui a de level la

599 536 2668 130 parent expedition anr citoyens lher met et Blevce executeurr

599 646 2722 123 tes amentaires defeu le dit Genert liteur requiition le Sept mimela

600 768 2614 128 dlelais troisieme de la Republique Janncaise une et indivisible tigs

3249 789 89 107 et

650 900 178 109 can7

913 891 893 135 arnau notaiie pablic

1359 996 1771 151 Euregistre par moi commis Greffer pere

3373 1004 123 95 ieté

1344 1119 1956 143 seunigni Sur la mi mittes am expeditiion dudu

1352 1238 1916 120 testament a moirepresiitée et aussitit ancdur

3387 1234 36 71 —

1349 1348 1983 123 apres meution faite ter celle du present enregishrant

1353 1450 1988 113 Au Poit dlela montagne Jsle dte fance le hiuit à

1367 1563 1914 103 Messedor an tranceme de la Republique francaise

1358 1654 1650 110 une et indivisible trois ppots rages mils

3260 1634 52 72 1

3342 1588 134 79 rue

2154 1772 335 78 Busson

34 1939 627 116 17 Mesmdor an 3^d

10 2160 561 113 Desistement dle

689 2043 2495 150 Aujourdhui tout comparie devant les notaires queblies alJile de france

3251 2101 64 42 2

679 2200 810 100 tousmgnes Jein Ducoicédie

1523 2147 1658 114 Cit de Coulecr habitant au Canton eles planes

2960 2274 161 53 e c

3219 2175 111 66 ves

3392 372 112 144 lon
