3508 2229
515 28 271 149 q Cectiait

1752 23 1568 118 Satrait du Regiotre ses aelea de mariage dt detries

486 178 278 84 Divorie

1772 108 1517 129 de la Monnicapalité du port de le luontague Jsle de France

619 227 137 66 eento

909 214 2320 112 Lan Prois de l Republigne francaiss une lqudidisible le Meaf fructidor

476 288 549 113 Lacharie Chautamt

681 393 127 49 et

930 323 2343 102 En le Maison Cormence du port de la Montayr Jele de France, parditait Vmor

484 425 345 93 Beptranct.

516 496 339 131 Pepounie

925 414 2350 112 offci publit Sor ligés; Son Conparus Jacerie chaulmet lu treprenens du

930 520 2335 118 Spateile age de quarentdiingaut l Bertranne et t Fre ponnes

924 624 2320 128 Sou Epouse, tous deuf demeurentrue de péris, laditte preponnier agee

741 765 18 49 5

858 793 37 102 6

926 746 2377 99 de vingt aingaus, Lesquels mont de que pour porvenir a fair ditoudre leur

916 853 2406 110 Mariage de Consentenant maluel fls ont obloive les detoir et Recmplis les

904 974 2407 119 Sermalité ligée par bloi ainsé quels en fustifent por les peur quelsen

911 1114 240 79 Peuur

1014 1149 2207 112 Vu les ditres puur dont Je fait al Jnstent dé pot au Greffe de la

914 1271 2403 125 Mmnuicipolité sur le Réquisition le preste des Comperents, Jai prvuée

919 1390 2289 102 au nom de le loi quel mariage que à raisté entr Jacarix chaulinet e

933 1476 1165 121 Dertrence Sréponnor est dillour

994 1568 2236 119 Le lout en presenre ilienne S Laubert, tomédien demeurant

903 1696 2395 107 aui de Prévus, de Joleph Laglaine Cherurques Dimeurant au Chaup de

904 1821 2372 87 de Laurent demilre la pil and de muurie marehaudt dindrue de la

896 1933 2377 126 pelite Mmonlager et et Jola ph Cepuuil Meunier Bourgoir ue Confeur

3255 2008 13 46 8

886 2044 2343 145 tour majuurr t Leuoinr dout acte et out Signé / Chaulid. Bertranne
