2479 2583
486 5 1802 76 testament et erdonnance de dorniere volonté quil veut et entend étee

482 86 1511 67 executé après la mort de la maniire et aiisi equel suil.

472 149 1872 80 Declare litestateeuu quil lui appartrent uii enfant Criole dle Conten

479 226 1936 79 nommé marie agée etenviion onze ans que cet enfant lui a cté

462 301 1807 82 donné ala charge de lui poiurer la liberté que deja il arenmplé

469 377 1856 96 plusieurs sonalitée pour la lui obtenir equeles peur Se trouvent

463 460 1832 93 aupurdhui egaries ou sont au Derctoire que dans tour les cus

457 535 1888 94 Voulant assierer le Sert de laditte marie Dune maniere mi arcuble

463 609 1873 111 il declae par ces presentes qus veut et entend quausitoi lun dece

473 691 1813 102 ladette marie tou libre dle sa persinne et jouisse ete toutee les

469 776 1791 99 preroyatives accordés auy pessonnes nies de couditione lebres

478 862 1784 108 et pour lque la ditte marie ne soit point acharge a la colonie le

478 944 1848 94 testateur lui donne et leque la somme dle six mille lieres qu'il recut

476 1026 1791 111 lui etre payee duc le plur clai de ses biens a Sa majorité au

473 1137 734 74 étabtinement par mearriage

473 1181 1848 94 Declare lestateur quil a reglé de compte eavec le Cit heymans dt

2362 1203 81 54 eet

483 1261 1823 97 flamand son anoüé dans du affaiies pastentieres que ledernice

2367 1275 76 55 8

475 1334 1978 103 lui don pour volde de compte unefomme de trente mille livres dont s nai

473 1412 1908 113 lui afain lon obligation que cette somme provient du prrduis eleses truvaux

472 1505 1890 100 quevontant en disposer il donne et legue tout ce qui prrerra lei appartente

470 1584 1895 89 au jour deson déces matte Jsle audu Cit hegmans du Flamand et ala

465 1661 1808 105 Cit Marie tratier pour par lesdits le galanes jouir dulont en toute

469 1746 725 103 pepiité et par egale portion

2431 1744 26 32 4

467 1806 1851 96 Et pour executre le preseut testament le testateur erchoisn et nommé la

2374 1819 84 53 in

462 1892 1850 88 pessonne du du cit Legmans flamand entre les maisns duquel s

472 1971 1862 85 te dessaisii de tous sei liuins tuivant la contuine Cefret ainsi folie

2378 1953 56 81 re

478 2043 1897 83 dute e nommé par ledit testatend a Resse Jla Balu nataine publis

2375 2026 46 79 4

473 2129 1912 82 denieurant en cette ville rue de thopetal au cet René Chapellais mantenr

469 2207 1909 80 yelemeurant me ele Pemptemonne et au Ces Barthe emy Roben

470 2278 1822 94 erphebre demeurant enccta ville rmedes Pamplemoisses temoinns

2352 2304 69 80 14

480 2357 1911 112 pour ce requis et expui appellis en prusenme des quels le present lestament
