2454 3508
1898 25 294 82 traveure/

1869 79 232 90 im

1576 134 456 103 Fremière faillet

2231 204 88 53 ae

2294 253 83 82 ele

37 362 40 53 dn

935 401 1240 144 Maittance du Canton et la Misière du Rone dy

1625 368 581 95 Arau au Regitrre dt

2229 401 141 90 e d^e

945 471 645 107 Pondre aot. C^e hnitieme.

95 567 222 109 Ie 9^d

2243 586 133 72 récil

128 662 300 86 pes B^ Latin

571 631 1658 109 Ajourdtmiy Ditosi de La Premene decude de moose Lan Tromie a

502 705 1671 109 La Royfublique française une de indivisitle, aux fuisda dophon, ce a la

62 742 288 94 Jouptre Sa S^e

72 816 395 98 à3 Jes fes àe de Bepate

495 781 1721 111 Requitision de Bapusse Langlois Créol agé at quarante aue habisant

481 855 1820 101 Donicilié de ce Cauton Paitie au Piton, d ee marie Joseph malgade rae

2278 816 22 59 1

497 929 1748 107 affranchie Par Louite agnés malgache Libre Ca Tente, en la mariant avec à

485 1011 1686 105 le d^e Baptisre Langlois, agé de trente Cinq aus son Epoute c habisent

2344 988 80 64 reur

487 1073 249 76 Ensemble.

2175 1058 134 87 aud

573 1140 1699 89 Ne Jues Transporéé à La maiton Communt on ait Tronvé Le de Brsside et

467 1206 1823 103 Langlois, e Marie Joseph Sa femme, assisté de Silvain ducondray Cicol ic

481 1286 1787 87 agl, de trente huis ane, Pierre Peroibilon, Créol agé de trente deux ans, mc.

458 1360 1707 91 Fanioit Pitois Tal agé de trense Trois aus, dyet François Le Coq, crcel

473 1444 1667 76 age de tresite meuf ans, bous quatres habitant l domicilas de ce Cann

2165 1414 96 69 né

2128 1473 156 68 ede

467 1514 1657 80 Partie du Biton ; Jl ma été Presente Pai Daptiste Langlois, Le somme

2122 1555 70 48 1n

440 1584 1856 105 Josept, Enfant agé de Divaus, qu'il ma declaré être son fls, ne uu

432 1681 1856 86 avant son marnage avec la ditre marie Josepl, de a delaide onalquet cens y

428 1752 1807 79 Appartenant au Citoyen fee Langloit, qui vu à isé vende après sa della

19 1804 51 113 2

397 1816 1883 91 Mora Par Denoist Gouly Chiriargien l Eeentend Tenamentaire, ant que a

430 1880 1626 90 que l'enfant susdu ; avec laquelle a delaide, il vivait avant s'ons

2085 1925 179 58 livre le

409 1954 1657 88 Marrage, la d^e Marie Joseph, Eu Freance des Temoins Cundits à declaré

2083 1993 166 61 mori

403 2020 1678 94 Par Paroitié qui Regnait Entre elle ly sou Mare, ayans Clivé cet fr

2095 2058 107 89 llef

399 2091 1661 95 Ve son Ropre Ronsement, Etle voulait ladepter ay V'acopte de ce

403 2155 1789 105 jor le Regaroant Comme son propre fils, et Entendant quil ausause la

372 2231 1649 99 Son heritier ; & au Can qu'elle Vienne à aroir des Enfans, qu'il

391 2297 1807 105 Partage Egatement avec Eux. Dont Jai Vus acto. & Led^e marieu

2212 2328 35 51 1

403 2373 1834 104 Joseph; à fachant Cérire, le pere Et les Temoins ous Signé Cet mari

2231 2438 18 52 1

382 2441 1855 106 Nous Offiae Pablic. Aiité Signé Baptisté, Sitvaint onconmray, Piuire are

74 2539 54 62 2e

403 2514 1631 109 Perombiton, Frolate Proie, Francois Le Coq, a Joteph Pierreee joureng

2062 2556 177 78 Iitacr

50 2615 127 64 de

360 2586 1423 124 Pour Copé Confre Signé Pee Digourenx offiaice Publie.

2192 2615 57 68 2e

992 2656 1210 130 Mregistré Par moi Greffier En che fau Tribufron

912 2726 1311 107 Dappel de l'Jsle et Fance, foustigné ser me le pre

958 2788 1086 102 Eropie du dacse à moi Represensé là lNnotart

964 2857 1053 97 Redue après Nention faite Sur Jeille de

2038 2843 117 68 ee

968 2938 562 73 Preure Enregistrement.

2040 2915 137 88 Aur

2190 2958 63 86 la

1054 2977 971 115 E prs d la Montagné Jsle et, rance

958 3046 1217 97 Le hi de Rorcal Traisisne année de la républiqee dell

958 3126 229 103 Françaite

1272 3124 328 128 indioille./.

2001 3135 174 96 e

1606 3188 239 111 Aaffuar

376 3098 173 72 Ir 180
