2196 3508
1702 21 336 86 Troiseime /

1708 85 152 70 i6

1396 134 421 103 Fremère faillet

2010 216 84 50 pré

2061 265 99 76 ille

809 428 1145 131 Naittance du Canton de la Rissere au Rema d

1445 381 536 86 Eran des Registres de

821 491 592 111 Pondre ar P^e hsitieme.

2008 420 125 82 ce ee

39 594 212 113 de d^e e

2014 608 125 79 récail

2151 647 39 70 il

60 687 291 92 pas D^e Langtios

446 660 1562 107 AjourdhniyDétosi de La Pressiure deande de moose Lau Troinime ae

15 775 265 96 Jophe Sa S^e

415 734 1537 117 La Rypablique française une de indioisible. aux funs d'a doption, ee à la

27 849 359 94 ae Jn fil le de Begée

409 810 1584 119 Requitinon de Bapisse Langlois Créol agé de querante aue habitant d

397 890 1672 98 Domicitié de ce Canton Partie du Pion, & et marie Joseph malgache rore

407 964 1599 107 affranchie Par Louite agnés malgache Libre Ca Tente, en la hariant avec

407 1048 1547 103 Le d^e Basteste Langlois, agé de trente Cinq ans, son Epoute a habitant

2094 999 88 86 me

409 1110 234 84 Ensemble.

1956 1114 122 70 lan

489 1181 1549 85 Me Jons Transpoisé à La maiton Commune en ait Tronvé le dit Disiisté et

2114 1171 23 66 4

409 1251 1652 97 Langlois, & Marie Joseph Ja funime, assisté de Silvain ducon dray Crcol ie e

405 1325 1527 87 age, de trente huit as, Pierre Perombilon, Créol agé de tronte deux am,

1954 1350 80 76 u0i

2024 1342 31 70 3

395 1403 1549 89 Fancoit Piois Tol agé de tressse Trois aus, ler Frangois le Coq, trcul

401 1483 1521 87 agé de trente neuf ans, bons quatres habitant e donicilies de ce canon

1948 1473 88 70 res

403 1555 1504 82 Partie au Biton ; Jl ma été Presente Pair Daptiste Langlois, Le nomme

1911 1520 138 68 die

384 1631 1675 101 Josept, Enfant agé de Dixaus, qu'il ma declaré être son fls, neuu

1915 1601 48 55 n

384 1722 1673 86 avant son marnage avec la ditte marie Joepl, de gedelaide malgact ieus e

382 1791 1630 83 Appartenant au Citoyen fee Langlois, qui lui à esé vendu après la Vella

9 1837 55 129 1

354 1861 1524 74 Mort Par Benoitt Gouly Chiragien E Teentenr Testamemtaire, aut

1866 1892 179 78 que a

399 1921 1436 90 que l'enfant susdit ; avec Laghelle a delaide, il vivait avant sons

1880 1958 154 70 leviel

368 1991 1490 88 Mariage, La d^e Marie Joseph, En Preince des Temoins Pisdits à declaré

2069 1970 35 68 4

366 2059 1502 90 Par Laisitié qui Regnait entre elle &y sou Mare, ayans Eleve Cet fefa

1889 2036 137 68 mvée

2059 2054 47 78 7

360 2126 1484 93 Ve Son Propre Nouvement, Elle Voulait Padepter ay Pavopte de ce

1874 2093 138 97 ille.

358 2186 1605 111 Josil, Le Regaroent Comme son propre fils, et Entendant quil desense cet

337 2268 1488 94 Son heritier ; & au Can qu'elle Vienne à aroir des Eenfaus, qu'il

352 2328 1670 110 Bartan Egalement avec Eux. Dont Jai Pris acte ; & la d^e mavin

372 2401 1472 101 Joseph; de fachant Eerire, lepere Et les Temoins ont Signé Ae

1872 2426 138 66 mari

354 2471 1485 101 Nons afficier Publie. Ainté Signé Baptste, Sitvain ancomray, Pierre

1860 2496 137 78 i ane

1999 2475 19 60 4

378 2539 1451 105 Perombiton, fre ate Pitois, François Le Coq, at Joseph Pierr See jouringe

85 2634 92 71 dn

337 2609 1270 111 Pour Copié Con ne Signée P^e Digourenx offioine Publie.

1854 2588 152 80 Maoe

1969 2658 41 50 20

910 2681 1065 111 Mregistré Par moi Gaffir En che f au Tribuit 20

823 2749 1189 92 Dappel de l'Jsle et Aance, Soustigné sur oe ce ppa

883 2808 956 82 Propie du d^e acte à moi Representé Ja l Jnntant

883 2866 1051 92 Rosdiie après Mention faite Sur Seille d

885 2936 501 75 Presen Enregistrement.

1821 2923 135 91 duu

953 2987 866 103 Au port de la Montagne Jsle de lance

1965 2968 34 83 la

877 3046 1110 95 Le huii Rorcal Troisieme année de la républige ule

873 3114 225 109 francante

1121 3122 316 89 J indisiitle./.

1798 3143 158 90 et

1339 3200 24 115 1

1449 3186 208 109 Ae san
