2479 2600
257 374 523 82 26 meimdor au d^e

1937 342 453 92 Ving et mmre fant

956 446 1424 85 Dun contrat de mariage passé entre Pan Cortet habitant

229 499 545 88 Coutrat de mariage

954 515 1448 81 fils mapeuu naturel de la nommée susanne esclavect de ombars

397 566 156 92 Entre

954 582 1425 72 et Affranche et marie Louise fille naturelle de marcatine

216 631 663 99 Vaut Cornet et marie

953 631 1408 88 negresse libre prineure assistée du Cit arnoul eteenne Desé

215 716 650 104 Louise par acte elu

947 690 1390 90 tuteur ela en justice ea la dette mineure et encon antorisée

950 741 1440 98 per aou de porsits representé aux notaires Belun et son confiere

219 820 366 87 3 menielor

949 794 1418 111 qui ont gandé mi mutte du dit coutrat controllée au port de la

2402 827 43 57 4

579 914 115 118 94

954 875 1296 92 Montagne le quense seuuvant a eté extran ce qui teit

752 949 1633 141 Et pour testiime que la futie Se pertent, la fectire assistée ele sa mere

758 1011 1601 134 et autonsée du du Dizi ile se sont par ces presentes san donatien

754 1080 1623 117 pare et Simple et entrevifs en la meilleure sonne que donation peusse

212 1174 621 101 endatte du tron memdor

762 1125 1625 151 veleu au profie du Susvivant des fsurs ce ampté par le futeur gour lur

2432 1222 9 33 1

741 1193 1683 144 et par led. Dizy pour la futiure pour le du Survivant detour et chan

2422 1246 28 55 4e

728 1276 1548 120 les lien meubles aaquets conquets immeubles propier denen

729 1331 1570 132 comptaur et autres tient qu le trouveront dun et appartenie au

719 1378 1702 171 premourant du futiere au jour deton decés, pour per le du ervivant

732 1450 1677 157 jouir faine et disposer de tout lesd biens et tottte propieté au moyen

719 1516 1637 169 du pessentes acomptér du jour dadeces du pressourant ele

722 1583 1624 173 saturs. La dette donation faite pourve quan jour dudécès du

715 1655 1658 185 premoumant ds futieu il ny au accun enfant né on anaitre du

719 1747 1624 172 Julur mariage mis Sil y en avaii et cquils vinnent anneute a

716 1812 1645 165 derdes en minorité au même en majerité tuni avoir été peurure

715 1879 1672 183 par mariage en autrement et Sam aviie valablement desposiile

712 1952 1660 181 leurs biens, la ditte donatton undu cun regrendra Son entere

704 2022 1702 195 jour et vestu comme S uy avan pout endenfants, et pour fain

704 2098 1701 174 insiener ces presentie partont au lesoin sera lu parties en ont donne

704 2207 1390 156 pouvoir auporteur de lexpedition et denacquerer aite.

1310 2293 1079 140 Enregistré par moi Commée Greffar pare

1295 2363 1088 138 toussigné lur lexpeditien du du contrat de

1298 2452 897 123 mavage amoi re presentée aut effet

1914 2494 491 104 Ilecle france le
