2479 2667
78 78 37 46 8

54 349 117 73 Vᵃ

62 410 109 95 vot

620 1 372 53 liustant endu.

604 1 1846 126 Et pour asturer un toit a laditte marie magdetaine et nepar la millre

601 62 1803 130 dans leuas ditre Lle charge a la colonie etunt deju d'un age avanné

603 130 1859 127 il lui a par ces pesentes feuui donation pure dimple erreverable et dans

603 207 1784 111 la multeure Jonne que donation puisse valou ce erccepté par la delle

607 281 1848 124 marie Magdetaine pour ce comparante avec ledu cet Garmier ton meu

609 357 1829 121 et autans que faire se peut pour ele lesdits notaires toussignés detour

606 434 1830 115 et chacun les biens qui se trouveront lui appurtencé en cette Colonie aug

609 524 1825 105 de son dcès jusquanque jour il sen réserve lusufruit et jouissance pour

617 598 1789 102 par laditte marie magdetaine en jouie faire et disposer romme de

617 674 1682 94 chose aclu appartenante en toute popriété a compter dudu jour.

604 742 1806 93 Comme aussi toblige le du Cit Garnier a loger nourrie vitér et entreleme

611 813 1793 96 laditte marie magdelance tant entante que maladie autant et nlongt

606 884 1785 111 quelle voudra rétider auprés de lui ; laquelle acceptant laditte pre pesition

611 964 1755 105 autant par reconnaissance que par arnmitie a pronces et sest obligée de

601 1035 1772 99 ne point quelles son ancien maitre et bienfaiteur tain que ses ervices

595 1090 1814 113 lui seront agréables et pour faire enregistree la présente donation parlor

597 1157 1784 106 ouleesoin tera, les parties en ont donné pouvoir au porleeu et den requerse

597 1219 1766 93 acte. Ainsi a été asreté et couvee entre les dittes parties pomellant

592 1283 1790 93 obligeant renoumant faii et passéen double mumette audoit de la montaqne

585 1349 1799 86 Jsle de france en létude lan trois de la Republeque francaise une et indivisil

585 1410 1788 77 le quatorse floréea avant midi le Cet Gariée a Signé avec les notaires non la de

588 1478 1806 67 Marie Magdelame ayant decaré nesavoir ccrire ni ligner de ce enquese luivann

588 1527 1787 71 la loi ainsiquel est du aux deux minuttes des presentes dont lune est pour être

586 1591 1801 69 envoyée au Bureau des chartres et lautre contsollée le quensseme duniene mo

585 1655 1788 63 par tervce qui arccu quarante tous est de meurce en la posession de Douar

591 1702 1221 71 lun du Notaires toussigné tgné Balu et Douaud

909 1764 1463 83 Enregistré par moi commes Greffier juré au lubunal dappe

917 1837 1444 65 Sur lexpédition dudit acte d'affranchissement et donation.,

917 1898 1452 65 a moi re presentie et aussitos renduc aprés meution facte tui

917 1964 619 67 du present enregistiement

903 1998 1470 86 ausert de la montagne Jsle de france an trois dle la Bega

903 2068 1192 113 francaise un et indivible le vengt deux flercas.

1970 2133 224 56 Busson

463 2286 1922 87 adx Dun contrat de mariage entre Jean Bapteste Ansiaux habitant de motla

222 2296 47 122 2

577 2366 1786 86 fils majeur de Jean Ansiaux et de defrente anne Josephe ambroise parant

245 2394 61 83 4

588 2443 1711 95 ton epouse les pre et mere, LeMara Sainte Jaffrcy veure majeur

315 2458 171 94 Jay 7

311 2551 215 61 Daontery

1 979 136 68 1^e Joun

1 1038 148 59 moi

35 1115 120 85 Pes

1 1189 154 64 Dieire

383 1980 64 43 292
