2229 3508
421 1 1804 164 de lais hroisieme de la Republeque Juanncaise une et endivisible tigs

427 132 840 150 Jean Fon Anaud notaire pablie

959 192 1215 166 Euregiutre par ma tommis Greffier jure

943 278 1282 174 tusigné Sur lami ettet dn expedition dudu

949 372 1276 167 testament a moirepresentée d aussitut rendut

951 454 1274 191 apres mention faite sur celle du present enregshe

951 539 1256 168 Au Poit elelu montaque Jsle de france le huit

955 631 1270 150 Mesedor au trancem de la Republque Franceie

955 723 1114 132 une et indivisible trois pots ragés nmils

1503 834 222 76 Busnon

13 1044 447 109 17 Messidor au 3

479 1013 1695 238 Aujour dhui tout comparir devant les notaires publies alsle de France

5 1218 408 89 Denstement dle

477 1093 1699 240 tousegnés Jean Ducouidie Cit de Couleur habitant au Canton ele plaines

7 1305 457 94 poudure endivoue

483 1190 1683 211 de Melheur et la nommée manon aussi Eitoyenne de couteur hubitant eu

1 1372 470 97 et donation mutuille

483 1272 1667 207 Canton du paicr de Vilsem étant tous deeux cejour en la ville du Poit

5 1469 782 113 ente Jean Ducoidte de la montagne

13 1561 400 83 et munon ton

460 1397 1690 253 Lesquels ont dt et deduré quesur un different Surame enteux et par defant

11 1662 207 99 epouse

436 1479 1689 251 de Sentendre ile leseient veux eaupernt de demander ledivone pour cant

423 1553 1694 251 demompatibilité dhuimeur et dle cariitire et auraient requir au prraluble

432 1631 1561 251 lapposition de scellés sur leun bieus a leffet den faire faire inuentaire,

423 1672 1763 286 revene dun pennier merivement dhamenu etant unii par les lou dumanay

2174 1872 10 63 1

419 1738 1685 298 depuis tonques années ile ont consideré qeune peauille de marche mpouvait

421 1802 1667 287 tendre a auuun but favorable et se sont ropprocté emonvenant dte leun tordt

1620 1929 497 138 Et unvusequence il

430 1872 1670 293 resputefs et se sont promis mutullement de se Se plus quillet et vire enteenne

419 2020 1164 205 intellegence aissiquils tont toujourt fait par lepassé.

429 2020 1704 266 out arreté dun commun alcord quelu teellés apposés sur leun biens pur le Juge

432 2100 1658 254 depaix du du Canton d Banr de Milhens teront lenéi aleur requete et tue

440 2171 1627 245 lapemple exhibition dune expedition de paentes comme aussi et attende

440 2241 1631 247 quils vont dun age trés evancé et quils nout port denfants dle leuu maris

2152 2373 47 86 au

446 2293 1619 252 etant lun et lautre en parfaite tanté els te sont par cs presentes fai donale

456 2377 1611 246 entredifs malusle egale reupoque at en la meelleue foime qui donatien puisse

454 2426 1665 242 valoie et uu Sursivant deur dey, ce acceptant recu proquement pour ledit seur

458 2494 1646 224 Survivant de tout et chaun deess biens meubles et immeubles acqueli

456 2551 1659 239 couques propus et eutres de toute nature ; pour par ledie mervivant ple

458 2631 1589 220 jour faie et disposer a compter du jour au décès du prenier mourant

448 2687 1634 242 par uufreit Suilement Revie durante a la charge de faine faire mautaire

452 2773 1591 228 bou et fedete et dedonner caution st pour faire enregistrer lu presente

458 2859 1622 196 partout ou besoin ters les partier en ont donné pouvoir aupertieer

460 2942 1646 184 et den requeri acte Ansi fait et arreté entre lesdittes partier pronmettant

456 3022 1644 209 oblegant renonmant fait et passi en double mireutte au toit de la neqntegue

157 3081 133 78 dacté
