2961 1805
660 114 2192 105 et a ledit testateur et les Temoins Signé avec Bombard notaire

670 238 2221 94 Susdit après Lecture faite, La minutte restée en la possession dudit notaire

669 355 2181 89 Laquelle a été Controllée au port de la montagne Jsle de france le trois Juin

662 479 2172 113 mil Sept Cent quatre Vingt quatorze par Servant qui a recu quarante sols

654 555 602 145 signé Bombard

1433 684 1427 100 enregistre par moy Greffier du tribunal d'appel

1433 772 1364 118 de la Colonie de l'Jsle de france Soussigné Sur

1481 911 1425 102 lexpedition en forme a moi representée et a linstant

1441 1009 1427 123 renduë expres mention faite du present enregist^t

1428 1108 1431 122 au Port de la montagne Le huit Juillet mil

1431 1246 1337 116 Sept Cent quatre vingt quatorze lan deux de la

1448 1373 1231 123 republique francaise une et Jndivisible
