2238 3508
678 77 805 127 promettant obligeant Cidevant

861 155 1326 119 fait et passé au port Louis Jsle de France  en Lan mil

682 251 1503 107 Sept Cent quatre Vingt dic le dix Sept Septembre aprés midi etant

674 341 1532 97 Les parties declaré ne Savoir Ecrire ny Signer de ce Jnterpellé Suivant

678 422 1519 138 Lordoddance ainsi Signé Audibert et Chateau de Balhyon en marge

676 516 1462 92 de la premiere mmatte est Ecrit et Controllé au Port Louis Jsle de France

664 606 1460 137 Le Vingt Cinq Septembre mil Sept Cent quatre Vingt dix Signé

664 693 1158 121 Touville Signé sur lexpedition Chanteau de Balyon

1101 859 1016 132 enregistre au Greffe du Tribunal dappel par

1081 964 1119 105 Moi Greffier Commis Juré audit Tribunal en

1093 1071 1098 119 Registre dorten aux Insinuations sur une expedition

1066 1173 1136 115 representé et rendu apres que muiton sur celles

1066 1272 1144 117 su present enregistrement Ce Jour trente avril mil

1091 1381 1117 104 Sept Cent quatre Vingt [[dix]] quatorze Lan deux

1072 1471 1093 105 de la Republique Francaise une et indivisible

1072 1564 368 104 un mot nul  [[Cit^e]] rayé

1492 1561 359 146 JB Mugné

181 1845 242 64 17 mars

169 1898 236 62 30 avril

424 1876 96 98 1794

191 1983 364 80 Donation par

144 2042 509 105 Le cit L^is J^eph Langlet

152 2116 64 94 H^er

318 2110 53 97 à

161 2173 456 95 M^ie L^ence V^e Jacquette

165 2252 345 117 cit^ne de Couleur

491 2280 108 204 11

627 1754 1546 255 Par devant Les Notaires publics a LJsle de

711 1960 1445 146 France Soussigné fut present Louis Joseph Langlet huissier

703 2054 1443 142 du Tribunal de Cette Jsle y demeurant en la ville du Port Nord

707 2132 550 113 paroisse de S^t Louis

828 2227 1302 137 Lequel en la vue daider La Nommée Marie Louis dete

676 2299 1427 148 JAcquette Negresse Indienne Libre demeurante Susdit port et

666 2397 1437 159 paroisse de S^t Louis et lui donner le moyen de Vivre plus

676 2492 1478 168 Commodement Lui a par Ces presentes fait donation pure et Simple

668 2607 1517 133 entre Vifs en la meilleure forme quelle puisse Valoir ce accepter par la

660 2675 1515 158 dite Jacquette ici presente dune Caze en Charpemte Sur Solle

660 2765 1513 164 Bordé en planche Couverte en Bardeaux Size au lieu dit Le Camp

668 2851 1503 181 des Noirs Libres pres La montagne des Signally en Cette ville avec toutes

664 2940 1550 180 Ses dependances elevé sur un terrainn non Condé ainsi et lesquel le tout

662 3032 1529 164 Se pourieu étend et Comporte dans Ses bornes en ses terres et entourage

660 3110 1505 207 dont la dite Jacquettee reconnait etre en pssession des avamt Ces presentes

394 3227 106 114 17
