2479 3342
874 75 1518 139 declaire Ladite Jeanneton quelle nomme et Jnstitue par La personne

874 181 1430 103 de M augustin Roux habitant au Tombeau Son ancien maitre

878 276 1472 100 pour Lexecution des dispositions Contenues au present son Testament le

878 360 1415 106 priant de lui donner Cette derniere preuve de bienveillance en faisant

874 440 247 96 acceptation

919 529 1456 130 declare aussi La dite Jeanneton que les dispositions ci dessous insérées desquelles

874 614 1443 119 il lui a été donné Lecture mot a mot et a haute et Jntellegible Voix

870 707 1506 106 par Ledet Notaire en presence des Temoins Ci après designés Car reconnut

852 790 1500 103 absolument Ses Jntentions dernieres dans lesqulles elle persiste et qu elle

833 881 1517 99 se dessaisit des a present en mains dudit Sieur Rioux de tous ses biens

835 967 1549 115 en Conformité de la Contume et des reglements pour par lui en disposer

833 1054 1497 106 a Compter du Jour de Sa mort ainsi et de la maniere qu'il est

831 1145 647 85 Ci devant prescrit dont acte

971 1249 1379 102 Car ainsi et pour sa vie durant Les presentes a greffe de La

831 1338 1512 95 Juridiction totale de Cette Jsle et Partout ailleurs au besoin Sera la

813 1433 1508 93 dite Jeanneton a fait et Constitué procureur Le porteur des

802 1526 1493 89 presentes auquel elle donne tout pouvoir de Ce faire et des requis

802 1609 1521 110 acte promettant obligeant fait et passé double Selon ledit de

792 1693 1547 104 mit Sept Cent Soixante Six  en l'étude du notaire Soussigné Sise

789 1778 1515 104 a la Riviere La Chaud paroisse de notre dame de LJsle de France

778 1867 1533 102 en presence de Messieurs olivier Servant Pelet et Jacques nudal habitant

768 1951 1523 113 Demeurant separementt Susdit quartier et paroisse temoins requis

755 2036 1588 119 et transportés a Leffet des presentes Lan mil Cent quatre vingt onze

759 2137 1567 103 le onze Septembre avant midy et ont Lesdits Temoins Signe avec nous

746 2207 1590 128 Notaires  non Ladite Jeanneton qui a declare ne Saroir écrire ny Signer

733 2304 1597 113 de Ce enquise Suivant Lordonnance aprés Lecture faite deux

727 2389 1620 108 minutess des presentes au pied de l'une desquelles est Ecrit Controllée au port

707 2480 1623 113 Louis Jsle de france le vingt quatre Septembre mil Sept cent quatre

707 2578 1621 99 Vingt onze recu quarante Sols Signé Servante Lautre pour etre

711 2662 1621 93 remise au bureau des Chartres des Colonies Le tout demeuré au pouvoir du

705 2751 1586 100 Notaire Soussigné qui a fait mention de l'enregistrement du present

711 2825 1612 123 au greffe de la Juridiction pour tenir lieu d'insinuation en date du treize octobre

701 2922 1579 108 mil Sept cent quatre vingt onze ainsi qu'il aport dicelle meution faite

705 3005 1605 119 par auffray en marge dune expedition d'icelui a lui representé par ledt Sapuy

434 3105 111 97 35
