2360 2133
1843 4 481 88 Douzième feuillet

524 145 1766 99 Promet et Soblige Ledit Maissin de pourvoir a Sa Nourriture et a

503 245 1821 80 Son entretien de lui assurer en outre une Somme de Cinq mille Livres pour lui

500 344 1832 100 eu tenir Lieu apres Sa mort de maniere queelle ne puisse etre a charge a

512 431 1760 88 La Colonie Ce accepté par ladite Marie Louise et en tant que faire le

510 523 1130 89 pa devant Les notaires Soussignes Renommant

678 613 1612 86 fait et passé au port Louis Jsle de France Le doutieme Jour du

509 712 1769 77 Mois de mai lan mil Sept cent quatre vingt treize le deuxieme de la

509 809 1778 79 Republique francaise et a Signe Sur deux minutes Selon lEdit Lune pour

510 905 1744 71 etre envoyée au bureau des Chartres des Colonies a Versailles et Lautre

509 1000 1747 79 reste Vers Durcaus L'un donataire Soussigne en marge de laquelle est

512 1092 1718 88 ecrit Controllé au Port Louis Jsle de france le Vingt Mai 1793 L'an

508 1195 1773 74 deux de la republique francaie recu quarante Sols Signé Pirou Signé a

510 1290 1323 95 Lexpedition Durrand Dureau Sielle ledit Jour

1163 1377 1068 210 Enregistre par moy Greffier au Tribunal

1154 1572 1138 117 dappel du jour et ville de la montagne Soussigné

1148 1656 1140 95 Sur lexpedition en forme Representée et rendue au Port

1142 1751 1164 121 de la montagne le Vingt un mai 1794 l'an deux de

1148 1845 389 103 La republique
