2319 2565
14 151 105 129 1791

1 282 145 54 ment

76 329 90 47 de

2 361 359 117 eton aff^ie de Roux

83 485 171 169 23

348 35 1879 228 Par devant nous Jean Baptiste Toussaint notaire du Roi dans

372 189 1825 168 le Ressort de la municipalité du port Bourbon de lJsle de rance et les

379 312 1912 176 témoins Ci aprés nommés Soussignés, est Comparu La nommée Jeanneton

377 444 1869 157 Negrese malgache affranchie du Sieur Roux demeurante au lieu dit

380 568 1776 153 les marres dependant du Susdit quartier paroisse de notre donne Sur un

389 701 1513 132 terrein quelle tien a Loyer du Sieur Maquien habitant

500 815 1774 122 Laquelle dans la vuë de la mort et Craignant den etre Surprise sans

394 937 1850 131 avoir mis ordre a ses affaires voulant disposer du peu de bien quelle S'est

411 1061 1841 126 procurée par ses travaux et Son Economie a fait et dicté audit Notaire

401 1179 1869 116 en presence des temoins, Signes Soussignes, son testament et dispositions de dernieres

397 1293 1367 109 et Libres Volontes, ainsi et de la maniere qu'il Suit

571 1400 1736 106 premierement veut et entend ladite Jeanneton de Son decés arrivant

438 1516 1775 105 Si aucunes Sont Sont payees sur le plus Clair de Ses biens et par les

437 1624 1579 98 Soins de lexecuteur testamentaire quelle va Ciapres designer

541 1731 1628 110 Veut et entend la dite Jeanneton que tout Ce qui pourra Lui

448 1859 1718 94 appartenir au jour de son deces tant en meubles qu'immeubles Soit

460 1965 1716 114 renis en la personne du Nommé Danues noir malgache son frere

457 2052 1802 144 et Son affranchi quelle Jnstitue par le present pour son legataire

451 2169 1843 123 universel pour par lui Jouir faire et disposer de Ce qui pourra lui

453 2287 1837 128 incomber en ladite qualité en toute proprieté à Compter du Jour du decés

229 2354 81 89 34
