2967 2479
911 400 1918 222 Pavvaut Le notaires du Moy a lJsle da France Sousiqnes sul préent

865 512 1588 189 la nommée Julia ne prèsse libre Mabrtaute dcelle Jile au lieu

2841 509 123 57 1er

829 605 1698 204 aux tortues Quartier des preuyslemisses paroisse S Francois

2836 594 125 65 cat

2486 648 78 73 3

2571 650 376 139 la bayet

932 756 2018 221 duquelle a detquele vingt avre lenl leprcent quateringt neuf, ille cler

2825 760 128 49 e

829 864 226 54 Auvoit

1088 870 1672 165 presentée requeld a Vit le adnnichaleuu dulie Edlonie a l'efit

2818 845 125 68 bev

2929 790 32 113 4

829 935 1993 186 dobleurr a cte de liberte en boune fomi pour le mommés sours Jiquee et

812 1017 1980 181 auguste lesueveux el les Erelever comme staut en faus dela nomme feir

2825 1003 121 86 Dtaois

730 1114 2201 165 l dolaide le lecur qu'ille avert acques dit Sieur uartur sonduit pour le coy rrant

2805 1132 109 41 à

815 1211 2112 148 que pour proncer uui libristaerd aerce aux tou ireoles Susnommes selle aoffert ret

833 1278 1760 133 par la Requele deleur donner ses enlaves et un teneur,; que par

808 1356 1963 131 Pordonnauce de M M. Les a dmunstrateurs cadatte du hoi faavre d^e etnst

818 1432 1960 142 dit qu'aite en forme de lberte lua Expedce aux d^t ton nompr quele

2789 1389 132 70 da

819 1523 2108 126 Soru pracante Aca festifice de leux acquisition et aura pase pu devant nstaur prer

819 1616 1879 95 dosation en borene foure des Calaves it lever qu'elle leur desteur pour

838 1678 806 91 pourvoir aleur Suboiiteur.

2775 1688 135 40 d

979 1755 1793 97 Dui pour le Con former a la d^e ordonnace et voutout uine Sontaation

808 1841 1908 102 de fou Mour elte fait parces preseutes donclee en tetifs, paue humpre et

2752 1849 151 98 re rast

803 1926 2102 99 errevorable en laa Meilteure fonse que sonr le pent et tour la garanlie ac  teu

798 2009 1863 92 tous houbles Selle, Ly polhequer Eoritons, alliens tour et au tes

2741 2043 148 79 M

793 2104 2087 117 Entpecheument qéératemntque lonques aut nonmes Jourt Jacgeur et def

814 2192 1914 124 aupuste tous les hoir enfaur erccolé de la S adelaide Salour quelle auil

741 2282 1995 125 a Mauce avan tus prennter de la proprété, possesinn et Jomsance dune

844 2367 1858 110 paitie de teurem Selue encette Jsle aud tur de la baye raf terteu

2763 2381 113 75 la

2859 2330 50 110 Ee

1723 172 359 96 foultet cen

2137 209 99 76 7

112 1703 24 33 1
