3508 2171
879 1 998 105 Vorfale leshois et ceay sui

870 73 885 123 la d. Jusiidutien de Peug

965 118 2375 207 Retquels out dectare queleure a ffance pessouxes et leur age astance

797 262 2422 185 aelear pernellent pade Coulenuer le Crrlions que leur out ete allactuar

826 440 245 143 qrolle.

1219 383 1997 158 Deues dans la sels deux lestament que M. Desusalnt.

790 504 2446 141 Pleur adjouul eau ser foulliont par le Jennese it par sou enfellegece su

843 691 359 90 daffane

1243 600 1938 150 qual Leul executer aroelame toutés le voldales du

786 674 2375 208 defent. Eronsequeure ele le décistent puremen t il librenent de lad.

793 814 2532 176 Tnemtion testamentaire que lera desoynan suivie par led ceur Desmouleur

764 985 1987 136 seul decterants quils v'outenent Sy unmitrer a comples

2734 955 471 79 deu jonr en

757 1122 636 121 maine quelornque

3234 1124 41 85 1

971 1197 2255 150 Et porer fautseusmner et legue fex ur peseules partout et ague beune/

740 1349 2455 117 lere Dout Poistelue teur pouseur le porteur auque lels vounen

752 1494 1342 94 pouvoir dece faitt et den requerir acte

2131 1494 40 35 1

842 1607 2330 115 De tout quoi 'els ul requès aite aeux octafe, sa dat pare doulle

682 1722 2379 182 eliton hort sur l'lidilitod de M. Sattaaie Mrdeu, les lapelleest

3123 1769 73 32 32
