3267 2483
503 6 193 65 3191ee

740 12 268 56 ouar

1073 4 200 70 Pelin

1470 6 741 114 Estqmarge. Celtatronne

1746 146 1381 94 le ceq istre par moi Commis jare du

1536 228 1681 137 Greffe de la Jurinviction Royale de Peute de Franc s

1523 347 1549 105 oussigné Sur Doriginal a moi represents et a

1382 397 1744 172 al instart rendue après meutionferités du present Ereg.

3166 371 44 115 6

1521 513 1129 136 Aa Soit Louis Le 24. 4bre 1792.

332 580 76 55 de

3169 526 42 78 2

45 612 283 95 12 &

542 582 84 92 12

4 747 850 101 Detesteren Pe M M

1989 704 1127 200 Pas a l'Jsle e France Sousiqne furat

44 826 794 136 Mea  Det heolte Duc

2712 862 298 87 placur

910 800 1028 194 Pan devaul les notaires dlu

9 915 845 144 P Eition Lestamentenrt

28 884 2576 256 ie fau M Desenier pasus MMe Me tiune Prnil Derene tusle labitaudeu

2804 1058 309 75 Geuu par

12 1143 913 98 vouverlut sa Javeur

964 947 2177 228 ene Jeaulon de la Devier corle y demquriale, exembard Lstaaus tese de

866 1187 360 93 1 feu M

1252 1070 1481 172 dau Demis St mouvorsecr, nomme par lou le stagut

3140 1146 12 110 8

5 1264 226 67 d

245 1222 526 88 M De Fuouleus.

913 1133 2195 243 M. loeaelle que eu avor testenr Muiledet sou Eefere aolarce ecette

1 1313 883 109 sele Execmteur lestamentaine

3133 1339 53 52 7

569 1452 60 58 dee

877 1223 2217 247 le le huil Septembd ail spr ccat que lu vingt aauf Cectolle leane Jour

95 1538 77 82 Ve

391 1354 2704 235 d° Saifirees en celte qualite par ante testament Reur an levepar M

226 1549 118 75 I8

808 1444 2238 230 auffray las des notaure Lausques, pesent temorat, le aixe noiracte d^t

2639 1544 549 125 d de la JanDctior

815 1728 359 74 Jou holl

1215 1696 301 83 le preeues

1558 1615 1024 127 decemore tous denf ensenues auque

802 1702 2315 215 Porfale les hoir et ceay dud pecent orr homloques per seulene a

797 1869 883 149 lad^t Juriidclion du Peug

870 1936 2290 192 Retquels out dectare queleure afance pessounes et leur agd avance

740 2063 2322 184 aelear perelent as de Coutenner les Crctions que leur ont ete attritirs

786 2267 265 98 par la.

1169 2182 1888 145 Denies saut la dils deux lestanent que M. Desusabu

771 2277 2305 163 Pleur adyouil dau ses foulleons par le Jrancae et par sou entellegenu

2141 2394 59 87 1

2226 2393 825 88 toule le voldrles du
