2925 2479
752 8 191 87 auv St

1421 1 76 33 8

990 1 1565 124 deanheuur les tevef ce ampté parlesieur aaste ect pereut

755 117 1060 92 pour lesd Meneure doulit es teteur

931 162 1689 147 et pour foire onteer les pesenter ou besondlerr elle cosslur a

2452 246 151 77 ea

763 311 1583 115 it effet le pureur au quelelle douse pouspir de a faeur

774 417 1030 99 de Maisistant Mouspatant Renrcant a

1854 414 28 57 1

892 497 1700 142 fall et pese et élude. Rr Cottoux Jsle de France le léxiene

748 622 1905 120 Jour du moit de Vars ceut lepant qua trevrngt dex vant undif da les.

737 735 1824 113 Jula dectaue ne lavoir erndn legues dece Enque tecture faie led e

730 837 1908 106 maiten a lequé avec noet deu pmnmles d lontedit dout une deeure ne

734 910 1916 116 la polivsont de Né audibest et d'autre desteau pouvé le Envorsse Aertaille au

757 1013 1950 97 Dureau des aulèves du Dlomer ainsi Sigué Mart Luus; Rersil et

735 1085 1972 113 oudibert, en marge es Cent Controsé au pellouis Jle de France te Bulmars

739 1166 1902 120 mil Seprent Juatevigt ox lqué tourailte et plas tas Rear vingltole ague

739 1256 1921 151 a lespédition au dibert et Vonsel len marge sele led Jouv et an av et parape.

1468 1402 1175 99 Euregstre pavmse Tomis quffax Jan de la

1368 1462 1249 131 Podiition Rnsale de lJve Le fauce livuat

1372 1564 1307 107 expedition amoi represeatée Et al'Jnstant cen ves après

1384 1634 1273 132 quation faite ser ccelte lirs presant enregistrement

1548 1710 1053 152 lu port touis Jle defrance le quatre

1384 1798 970 156 auvier mil sep cent quoteriagt heire

163 1229 31 47 8
