3467 2479
75 331 744 106 Die 2. Janvier 179

39 472 746 107 Testament cei feu

925 426 2535 193 Se Jau dleuy euxme Janvrer La  On aul Sepreent que hecragh hiire

15 579 814 117 Pᵗ Etiene muhel

876 637 736 109 hois leures de ralavey

1668 553 1771 154 Lur la Requisition auout foite par le treur

24 714 648 105 dort Soldal.

831 695 2568 145 Etieure Maclet Loun Seldat envalede atlenie ce lopse Deuce poil

856 785 2595 173 uvn M^r perre franere Rerivel notrice du Maf a l'Jsle de frauce aous

831 922 2579 131 Jernors Rausprlés ave loptalordvons aasure Monse lesaeuu

856 1008 2598 157 Michel Lorer dans la lalle J. Poure gruant lus lou tet melad

866 1136 2576 137 de Cpt manmienmons San Ee ppreDmeurie Dentendemen te

856 1311 2529 78 noi a de Sen presence det Fanus cef aprer ccurmaics ele nah e

888 1397 2512 120 Mastey Juniidiction de pair il quedant lairie de lauos lil desian

873 1525 2552 123 mottre ordre Cases a Jaines il uvns afaitoppelles pir dit decter et

838 1652 2527 102 nomer son testament et adonnance de demere volonts, qué Daviela

848 1755 1259 123 dicté et avinne acnsi qu'il éant

940 1871 2491 142 remieement dant et ccleue les et les en prepes sec tout syaeet

855 1988 2580 153 par lou executeu  testanantunr cy après rommes le aens le

811 2093 986 140 Meoruveu Dapres lou deces

1016 2261 2371 171 feul et Cnteur le dt testatour que la ccmmre Jula egresse de rait

2066 118 710 109 fauilles uut nu

2427 4 89 57 ¥
