2625 2479
440 1 25 38 1

520 1 581 52 de poudichert, it jel

516 1 1527 120 eu Ceste ville perroisse S Louis temoins prons cet

506 17 1999 177 present tetout le aud s'teatateur il adit avoir bun Entendre,

513 78 2036 191 que le present Sou testament Contrent Sa libre et derniere Volante

508 141 2079 199 a la queste et S'arrette fait et reuu en la dChamtre faisant Partie

515 228 2042 170 de la maison du Stestateur au poit Loui de este de france, Von mil

515 305 2064 179 Sept Cent quatrevingt douze le Vingt euf decubre ling tieures

517 391 2037 159 après amide et le present Expedie en Drevet Sur la requiniteue

520 442 2056 168 du e testateur qui ce Sigué avec les S^er temon s et le notaire ainti

519 512 2024 189 Sigré, auffray Destreux mainiaux, et Barbier. /et en marge ett

530 572 2028 215 Eeit Pontritté au port Louiss Jsle de France ce 9 Jauvier 1793 sigéé

530 713 1410 143 servur, qui à marque lene quarante Sols

1202 827 1345 142 Euregistre Par moi Commes Greffier Juré de

1228 929 1311 116 la Jsuris dection Moyate et danurante de lisle

1236 1013 1324 108 de france Soussiqné Sur losgmat a moi

1225 1075 1369 108 representr et llinstant heudice après meuteon

1245 1155 1250 94 faite Sur icelui du prresent enregistrement

1393 1220 1150 124 Rouport Louis Jsle de france le

1334 1326 1273 82 leut ouze janviet mil Sept cent quatre

1367 1402 499 97 Vingt nze

1842 1414 398 133 Boudo

298 1805 620 96 Pouhait demariagSere

1072 1867 229 73 J

1352 1828 1150 111 Contait des couditions de nariaye passe devau de M.

375 1877 499 111 Bort dret avee

1056 1919 1483 108 delui et lon Confiee notairer acntte Jsle le vingteit

366 1981 354 88 Dau Sutton

1023 2003 1329 90 decabrs d^° Eale de M Jean Framois tore dre due

1016 2069 1524 124 deumant enett doilte du pal tous uie des faye eroine

1017 2137 1528 132 d^ touis pels mapeur de fen Mi claude FLucoi cnde de

998 2198 1529 168 lou inoant Oopitanme des touper aatonste deatte Jle atde

1030 2282 1137 137 Deie vinen demeumant luvton Mabilalion enlieu

1038 2344 588 82 montaqu Cercque Cantore

1663 2372 448 100 des pau plemouse

2199 2338 78 85 d

2116 2439 58 38 41

2330 2372 37 68 4
