3108 2479
880 27 325 96 Pengolie

1234 1 967 81 Lai Eselade  dirt et venuie

2147 1 890 140 lu del lpplie Mert

735 71 1387 197 totr de tou dce alui testoleut alaquelle

1655 118 1344 208 Colouie dalue expedier artet ion fermate

767 308 77 94 le

867 231 791 147 da dministrateur de e

757 399 757 129 du dt affranchisseneat.

829 471 2175 188 Et pour empecter que lad^t Julie ae prete desent a chaize a la

2967 599 23 38 1

774 607 2197 158 dolon et luidoune et legue tois entaves a lui apparteuau tleit

764 727 2195 188 le nomme queue de Pasle Malgache ecrar maabar et leudor

757 871 2199 167 de baste Molgache pour pas elle en Jour et disprrer comme el

2924 959 69 98 8

728 1032 1893 138 chore lui appartenaute a somples sa jour de son deces

883 1206 1935 143 deut et enteud que le Surplis de teu bieu appaseure a les

2916 1254 45 112 1

761 1348 564 109 legiteeme turutiers

843 1454 2090 122 En pour exeiler le pucent lestament le dt testateuvt anoenae

721 1585 2199 104 le vieur Marteuur Poldat envalide étatle a la grande Nivière qu'il

742 1707 2195 104 pec devoutoir treu seu sorner la prenr le desacssen tentie ls

712 1809 1371 99 mauns de tous les trent Suuvant la Sorture.

918 1901 1976 137 Ce ful aiusi fnt decte et nome par led lestateur a la sle

701 2001 2098 140 tout lu et sela adit Clout bien enteudr it a'pvorcloir uen heuvor

705 2122 2153 146 auqueater ui dumennes entotalte let undigué il en pesence de leurr

140 1006 80 36 ato
