3508 2396
383 320 27 71 1

3236 1 60 45 2

966 1 1327 68 toul avee teux peacntterdan mais mis ses

951 46 1286 103 vaus par les obstatles que jai remontre

1083 10 2106 237 Jai consairé à Cit acquittement le terrane Sur tequel serende

942 90 2376 213 actuustement, Surtent depuis quil y eviste e Canal dant teau se

941 202 2175 180 decharge plus de Soixante toites en discendant Jerecomande

931 247 2342 218 particutereemt a mon Exemteemd testammentaire latreance de esn es

929 443 335 96 faisseul

1018 367 2402 245 Je dons Sur Cette prousiité à eMadance Prune une sommme dequnne

934 447 2546 226 Eeut livres sont se lui ai pasté obligation devant le notaire toussigener,

941 537 2429 232 Je paye les interits ecereur de dix huit pour cent par au Sur le

909 618 2447 225 lapitat que les Coutrarietés que lai eprouve, mont Jus quica

933 810 841 99 ripecher de rembourter

961 790 2489 197 Cop coir madecasse mon Ectave, voitier merite detry affranche, mais

934 889 2523 189 fevige que cet acte de ma bienfaisance a Son egard nait lun que dans

876 982 2546 158 Deux aus aprer mon dicis, afin que mon Excentenr testace entoire

919 1054 2506 162 peussent dans Cet Esisare de temps reconnoitre Si te dnoir Tontmera

918 1127 2571 184 a Se condeur de rmaniere a meritir une faveur Si pretiense a touts

1021 1235 2347 177 Gepige que pendant les deux anners d'eprenve et rende

923 1317 2514 165 Eartement Compte de Ses traveux à mon Execniteur testamentaire

915 1402 2531 168 quil lui auvemette les produils et quil ue Chrange pars dattilier

911 1508 2531 147 avant deu avoir donne avis a mon Erecutenr tes tamentaire, et

906 1617 1341 144 d'avoir obtenie Seu Contentement.

1107 1682 2361 157 li au bout des denx aus et mcrite la faveur que je lui dester

901 1794 2560 185 mon Cxieuteur testamentaire lui remettre des deners de na fuccistion,
