3283 2479
807 471 2415 177 Pasdivaul te notaire duroy e l'este de France Soussique deurant en

123 563 3117 204 Vin f° 87 V d present la velle du port Louis peuoisse S ouis, et en presence des témoins cy

220 670 227 106 et 984ᵉ

782 699 2437 157 apres nommes fut present M Jean dequner d mouvoin habitant

788 819 2445 125 au Cantor det a reviere noire sy demeurant Sur louhabitation lieud

785 939 2455 120 ha petite reviere fils legitime majeur de fui est Jean dequier et

799 1067 2453 111 desmarie gadrane sSon Gouse Ses pire et mire, du village se

975 1023 125 70 ile

796 1149 2378 119 Couitte Sarroitse de manvesin en la Cidevant Provimme de Guieeme.

786 1275 2381 91 G Mtant au Lit malade de corpr dans ce Chanmbre basse a Coté

788 1366 2377 118 de la salle de la maiso prscipat de sad habitation; mais fains

792 1479 2375 108 despiil memoire Jugement et Entendement, ainsi que par les

788 1587 2223 108 paroles l octions, il eit apparie aux notaires Les temoins

782 1702 422 113 foussiqréé

3204 1725 32 69 l

1033 1793 2081 125 ceques dans lavice de la moit, et voutant Prevenir toute

783 1867 2308 167 difficuttes qui poursoient Se lever au cas de son dues, a fait

774 1966 2387 163 dicté et nomme aux dnotaires et temoir le prresent Sou testament

789 2134 548 98 Commie Suit

1015 2178 2020 161 Pemieremeul Je veux et Tertend quan cas de mon deces

777 2244 2337 199 Voutes mes dittes Corjeur Baiteument payer Si aucunse Se traivent,

1905 2356 952 121 ris Se aucun sai fait

2357 165 833 176 Juatevenft quetie Cenmet
