3508 2304
540 1 2463 74 celte treance efl dontense et ne poursa etre Jeconvres que par Sunte de

536 64 289 78 tecmpr

633 120 2393 87 le S Lacoste demeurant hue de bourbon me doit huit cent quatre vingt

540 204 1503 78 dex uit livres Sept Sols deux demers

3026 172 241 67 revan

637 270 2376 111 je desire que des prenners foudi qui rentrerant de na Succustion

3021 273 300 91 le vragt

541 380 1425 119 maga Soit paye de ceque je lui dois

3025 400 297 60 1. fear

661 476 2676 87 j'ai Envoye ena procusation acM Tousin Commée Juré au greffe du Conseil de lisle bitant de

537 564 1739 83 de Bourbou, et procusenr aux tribunant de la de jla

3029 558 316 52 i porpleur

642 660 2725 86 feutend que sur le prodent de ma duccesteoce mor avecuteur testemantaire de cedés

3033 605 325 68 Vauteris et

531 733 1116 78 guctive d'aboin Sa Commission.

645 802 2394 88 je charge mon Erecuteur testamantaine, de preudre Sur le obitier de ma

530 889 2545 79 Suncession une fonne da troi Cent livres, pour etre par les Souis ses tribice

3067 838 314 87 durougay

530 968 1220 75 aus plus indigents de cette ville.

3099 935 143 53 ie7

603 1016 2479 115 Jeutendsque cee fenseraittes Soint faites avec leplus de Simpticité

3105 986 200 93 de.

547 1128 719 85 huit Sera possible

3104 1088 333 69 Couuie mir

619 1216 2486 90 quandnes detles Serant Liquides, et les legr cedessus recmples, Je

3127 1146 288 107 de fille

515 1306 2500 73 ver pet entecnda que le Surplur soit partage entre et trois faurs, a

3121 1241 289 83 vec seu

509 1373 2591 92 lffet dequoi enon d Exeuiteur tectaisantaire fera passer ce Surplus

3129 1344 304 80 aul de

517 1459 2882 89 a ni antonie despeat aubergiste à pansiers par tectonse de partement et ep

512 1538 2617 97 de la riege ; et a de fanl dle mes sains sentends que Ce partage seit

3145 1500 309 98 ui fuit.

506 1616 2437 110 fait entre ei niveu et mens, tetout par portion Egates.

3130 1633 324 68 de douner

560 1701 2562 117 de revoque touts testament Codecittes et autres des positions que jai pu

3157 1706 193 86 eteou

530 1790 2623 103 faise avant le present, pour leveuition duquel se me dessaisis autre

514 1885 2620 150 ses manns de mon Exccuteur testamantaire, de touts enes biere, Seton
