3000 2479
852 126 1905 183 mes fautes a detoutes mes quipree dames ge le de merces de touts les

830 238 1962 184 Bienfait  dont Sa divent majes ma Comble Juspere

792 420 884 115 Jn fiunementensa mercord

998 493 1759 155 Je nomme Pour mon Exemteur Ce tamentaire M François

853 603 1963 150 Portier entre premer de La boulangere de iloi dons la probité.

829 724 1939 173 Mues Comme. l auquel Jai les plu grandes obligations. Si fes

829 856 1945 159 affatres dont il peur au sourra set tour er Mharge ne lui

826 970 1981 148 permetteni Par de Secharges deute Exuution, ge fubstetue en

792 1096 2035 131 Son duie Eplar M Belu or dout La probité mes

798 1217 2094 123 lgalement Comme age prie alui desdeux quli voudra prendre

796 1349 2024 105 tette Aar sere enprendre a foun les sonsiderateon Suivantes

946 1477 1815 132 Je dulare qu'ine Evemett ausi umpresu que eumenf

826 1598 1931 130 due procura en mil Sepdient cinquante sene quatre

775 1725 2091 130 Creanciers que Sont Me M mari fraisine lfis a lunterdan

800 1856 2029 138 dacride omp a bur deau fquir meur a tribout pe douernenet onn

803 1962 1015 88 base tretague Ed pust a ear.

998 2061 1351 157 ne Comptant pas me fexes dans celle Jle Je a

801 2141 1165 160 Doemente Lesles aprésation que Jasiis de

2392 2177 466 107 pas pres ee

815 2255 1707 212 ensoite que se ul rencete par poutiurment te montont dee Ce

1993 2239 334 99 qus Jusqua

2351 2304 469 97 et Pevrounent

811 2371 1128 106 presume Geliver de Louze a heure e Nille
