2767 2479
647 70 158 88 roisie

1757 11 949 122 mais quil au mapoirt eté

658 103 1082 139 Caste Los age d'Euviro quinze au

665 194 910 126 donne de desharge a lit Egare

738 212 1967 206 Je declare que le huit Septembre mil sept teur quatrevige muf

648 319 2018 176 sai fait un testament qui a été suie par ur touraitte notaire de

606 415 2064 168 Cette Isle qui en aurait retere mnnute, Lequel à éte Controlle en

651 550 1282 128 la vitte du pors Louis Le meme Jonr

713 618 1930 176 Leveux et entend que led preuvent lestamenl Soit Evena

650 742 1951 146 fetait leguil ny aurait pas ete deroge par le present et

654 849 1949 110 que dans les Legs qui y sout porté en faveur de loinss et

651 932 1943 114 dlizabets dequlier Sount legardes tomme enils ; pavceque Je

648 1039 944 101 les levoque par Le présent.

721 1110 1883 114 Je persisté dans le nomsination que Jai faite aud Becedent

644 1202 1935 102 Testament de mes Exemteurs testamantaire, que Jesrie

655 1297 1959 98 de nouveau d'accepter Cette Charge, à lL'effet dequoi se mi

658 1399 1956 89 dessaisis en leurs mains de touts mes biens Torformement

658 1484 577 90 au Dheglements

731 1568 1870 101 Mais JeveuDet Entends quels niettent a bait sudoicant

652 1655 1927 122 mon habitation des ptases S Pierre avec tar Cntaies qui y

651 1746 1902 111 Gert attaches, et loutes autres appartenances et de pendances

643 1833 1905 132 dicette, Jusqua Aquils nayent reuus des avis Contraires de

661 1915 816 83 ma Legataire univerfelle

785 2009 1399 109 Cuisi fut fait sicte et nomme par hes

658 2093 1892 138 ie Jean pierre Ruffray notaire Saissignes, La M ett François

2214 2047 320 94 testateur

645 2176 1911 152 Griges de Julliat Citoye de tauilte du poir louis y demeuvant,

654 2268 1871 164 trant porté Sur la d'habitation a l'Effre des Prefentes, et Jean

652 2377 1331 100 Joseph oudot Eitoyer de fette Jsle residat

45 758 45 55 42
