3308 2479
1953 60 710 135 feille cent Quate.

2962 70 268 91 qie et

2945 147 296 102 eeturvivan

358 198 2555 183 avec Son acte daffranchissement une somme de trois initte liire, de laqueste je fais au

2944 239 314 91 eu Pleaut

355 265 2417 186 e cas don etlegs aud cop afie quit ne puisse etre a charge a la folonie.

2984 356 281 79 Couepte

431 345 2491 207 se prie mon Exemteur testamentaire de mette an resive sur les denmers de

2977 440 253 66 rir ale

3250 462 22 59 1

367 422 2478 192 elea fruccession, ue sonne de itte liores, pour procurer quelques Setits

2975 512 254 70 ax qu

365 510 2391 191 abantage ce Jran baptiste Creot fils de nanette ee gresse madecasse mon

2975 593 269 98 peuf.

367 579 2508 192 Entabes, Re dois a nm Jeau divré maitre boutanger a la bontangerie duroy,

2977 676 275 82 fagne et

369 678 2171 156 Suivant reconnaissance que je lui en ai faite seux cent Lure

2962 736 297 93 e joud

472 734 2408 198 Ji deveis au S^ maga moir indieu libre, pour ses souis Sndant ma

2996 835 276 69 Vadel

370 815 2561 201 matadie la sommme de Cinq cent treute Six Lieres de laqueste jelur ai Cousinte

2974 895 11 67 1

2964 910 284 80 Cantion

373 892 2539 224 mon besset le dix ccuf Septembie derciet Sayable à six mois; Sur

2971 999 272 71 yait

391 1053 1627 128 Cite Sonme ja lui ai paye den Cent Livres.

494 1078 2761 197 Je devais à et Geffroy tresoier des nivatides Euveron trois tent Lure ge mats

2963 1165 309 67 Tueeme

385 1169 2501 183 pour Sotde du prix de l'etablisement Sur lequel Ja ffair ma demeure;

2970 1211 287 75 cet Sar

2947 1271 318 89 aud la

391 1262 2558 157 les titre Sout Chen nn sesbois avocat au trouvera sans mon porte feuille

2904 1349 340 68 souit aie

394 1316 2519 183 deux quistance se ni visse btancha avoiat de mitte Liures Cianime. le

3225 1413 32 92 6

394 1407 2508 178 neu ai port du dernier payement fait pour moy a M Geffroy par

394 1495 2530 157 ai merto qui rue devait pour une treante que javois Sur la suicesnon

416 1619 830 145 de sui nmcotas fosbin.

2930 1636 175 75 ut

546 1614 2358 206 je dois ce ett Dubois marquettiur de Cette parroisse vingt cenq Livre

2959 1754 289 61 roy ale

409 1728 2360 189 pour le bane Nd que docuupe depuur daques sermer, Sres la Chaire

2948 1828 315 80 e Sur

556 1808 2249 176 le Sᵗ teisserau cedivant fecbsanquiet en cette ville rur de leglise,

2955 1922 245 65 etent a

428 1892 2508 160 aeteisement a liste de bourbou, en mon debiteur ; nons somoes en instanme

433 1965 2829 161 ce hourbern de puis treige aus, Jai obtene Condanmatiee Contre lui, etmention

433 2053 2814 161 depuis le mois d'aonst dernier au ett ocuprr a legter les interets de gis trenur

2922 2125 319 81 trauce la

446 2151 2359 135 Vonze pour cent Eette Crrance peit Se monter a quatre ou luig

2891 2196 345 72 e Cent

450 2277 449 101 enitte Livre

578 2260 2307 163 de Suir emore Creancer du Ssetepieu a bourbon d'inie sonmel

902 2342 2002 135 ur misse Livres, ayant Geie accompte quatre Cent Liure
