3167 2479
246 174 329 87 Janner 17

640 162 25 69 5

121 308 514 95 Testament du breur

2756 254 247 126 aJsle

139 396 237 88 gafuard

2172 268 543 145 ee notaur du Re

790 393 656 111 Dujourd huis

1468 404 157 65 eil

1650 341 472 121 Po perui devant

765 469 978 131 de faure Soussqué e M. Laurent

1755 374 1168 168 Eeniter Marchaud cetodile du

2259 506 288 93 V^e Lous

776 556 1425 149 port louie ef demeurant rue Rafale paroisse

750 603 2184 191 P Lequel aayppate et enue a Danais leuu des notairis toussigne

798 736 2163 145 le lestamen toloquepte dasieur Jean antor grsaard Tapitaine au

783 846 2177 133 leurie de Jeaiseaux en fommerce commmmant au Etesto de la prenuer

798 937 2199 156 goge d'une feuille de papres a la tettiern parces mots au et noe testament

2958 998 57 94 1

738 1075 2225 97 Tauvert pes eux ee au quelques enlover feaivant au Recto de la

779 1159 2193 105 sure da pagé par es mola  Jsle de France vingt ciay aveel 1791 sge J.r.

785 1261 2248 113 gafuard. la tuite est Eent legue et Vestiffie ventabrd audeur des l

684 1344 2403 142 Ppores geibal d'ouvretre dud Cestement endatte deu pur 5. Jauirer 1793 ayue

792 1436 741 92 Aerestiue leverges nogent

1595 1455 169 113 aen far

800 1520 1515 138 Lestament Se J^e Gorfuard a Renaltie a N. Otesestir

1771 1492 1274 119 y luvle verto de la lLeeun de page ertecrel

807 1612 1565 123 est, Lempeeute et ure couge d'un Trefre forre sses lebbre

2339 1593 786 134 u cat Suiden e audr

812 1682 1185 123 Lauriture ou dt testauan sléé aa foure de tettre

2418 1692 75 58 1.

811 1750 2302 212 Du parant péporé e teatuctiorr des demure volonles du testatenr ce d^e Dusant fost

2005 1736 1049 143 dont à la Requisition du Ser

2551 1705 372 78 qui teelloit

3051 1755 66 40 2

827 1846 1181 116 Rage a lere de depol pour le Soucerver au

760 1933 1247 110 Cquil a eté tegue lel parople ne vaie le

2012 1890 929 160 Laus de de enmnter dece pres

833 2017 2043 216 qul opastendet dontart fait et passe auprt touir Jsleve

2103 2001 595 126 et en delivres toute

2968 2003 189 93 apes

826 2107 1199 164 Vitente te teptiemee joer du mors, de la

2763 2089 394 96 ex pesition

2071 2171 123 79 red

2249 2214 635 134 hevre aul le prcent

2998 2189 163 101 Dan

2923 2253 157 115 c

1907 1 142 51 8061
