3000 2479
511 1 2188 107 neu ae poirl du dernier payement fait pour moy a M Geffroy par

2698 1 277 52 perit 2

506 75 2208 119 i merto qui aue devait pour une Crcant que javois Sur la sences non

517 150 755 107 de sui imcotas fosbin.

633 242 2076 92 je dois ce M Dubois marquetiir de Cette parroiste vingt Cenq Livres

2717 268 219 62 ut

502 322 2087 107 pour le bane N d que J'ocempr depuis Paques sernier, Sus le Chaire

629 417 1999 88 le St tusserau cedivant fubsanquier en cette ville rur de leglise,

2717 373 244 98 royale

512 494 2193 80 aeteissement à l'iste de beuabon, en mon de biteur ; nons Sommmes en instance

2702 439 252 85 e Sur

515 575 2442 86 ce bourbere de puis treize aus, Jai obtene Condamatiee Contre lui, et mention

2703 520 206 68 etente

512 663 2424 87 depuis le mois daonst dernier au ett oucuprr a regtir les interets de gis tieuur

516 738 2412 99 douze pour Cent tette Creance puit Se monter a quatre on tiiq tance se

2632 801 288 88 e Ceutt

626 864 2014 120 de Suis emore Creancier du Sde lepuce a bourbon d'une sommel

519 947 2127 110 d'environ denuutte Livres, ayant Geui acconmpte quatre Cent Liure

515 1048 2135 79 Cette Treance ett donteuse et ne poursa etre zecouvrée que par Suits de

513 1129 252 80 tecmp

590 1155 2233 102 le Shacoste demeurant hie de bourbon me dott huit cent quatre vingt

513 1236 1298 93 dix huit liures Sept Sols deux deniere

2650 1220 213 60 eant

588 1294 2053 117 qa vesure que des prenners foudi qui rentrevant de ma Sucussion

2614 1311 266 79 le vragt

511 1386 1225 133 maga Soit paye se ceque Je lui dois

2619 1421 248 48 1 Jerd

626 1470 1978 97 j'ai Envoyé en a procusation a M Cousin Commie Juré au greffe du Conseil de lisle

2617 1472 256 66 détaut de

508 1561 1467 76 de Bourbau, et procusenr aus tribunant de la d^e jla

2610 1542 264 56 poupleur

596 1638 1985 73 Jeuteurs que sur le prodent de ma deuccustéou mor aveuteur testamantair

2600 1586 267 72 fouterie et

2611 1648 245 65 deceder

502 1693 944 94 gnelive d'aboin Sa Commission.

593 1761 2267 98 Le charge mon Eveuteur testamantaire, de prendre sur le Mobilier de na duronzay

498 1831 2097 77 Surcession une somise de trois tent Livres, pour etre par ses Souis ses tribn

500 1893 1000 77 au plus indigents de ceste ville.

2612 1874 126 52 ier

560 1939 2010 115 Jeutende que unn juiseraitles Soint faites avec leptus de Simpticité

2626 1932 153 74 dste.

508 2038 598 81 Quil Sera posseble

2603 2009 271 71 Eouuee ur

574 2101 1997 87 quand nes desles Siavent Liquides, et les sigs cedenns remplis, Je

2603 2067 252 81 le fisse

490 2169 2034 88 veu pet enteuda que le Surptur soit partage entre uet troie faurs, à

2599 2140 245 103 née feu

488 2225 2079 92 lfet dequoi mon et Execmteur tectarisantaire fera passer ce Surplus

2599 2232 249 74 aut de

490 2298 2322 79 a ni antonie desprat aubergiste a parriers par teutouse de partement et se

487 2364 2092 83 de la vnige; et a defant ale mes Sanss Jentends que Ce partage sit

2590 2357 252 82 ui fuit.
