2479 2525
615 11 1781 109 deffrcuttes qui pourroient Se lever au las de son duis, a fait

606 88 1840 139 dicté et nomme aux de notaires et temoir le present Sou testament

615 193 421 121 Comme Suix

775 326 1556 111 Bemierement Je veux et Entenr qual cas de mon deces

599 419 1790 119 toutes ces dettes soyent Eactement payés Si aucune Setravent,

603 531 1584 96 et mes torts Cedettement le pares se aucuns Jai fait.

697 634 1659 109 Le donne et Legue a Jean dequner ulon nevecr fils de feu

587 719 1725 125 Aean dequier haine et de Francoise mourques du vitlage de

586 815 1747 130 Comth, ane somme de dix huitte Luzes argenl de fette Colainie,

592 924 1704 135 une fois payes, apreudre sur leplus oir des biens que se

563 1039 922 98 de taisserais Lois de mon duis

753 1136 1554 115 Duant a uex autres bieus dequelque nature quils Soyeut

580 1241 1748 114 au jour de mon deces Je les donne d'Legue a marie dequner Veuve

575 1335 1714 118 de fue d Jacquess Rapin de Eustiman ma Jaur que Jutilie

568 1415 1734 147 à lette fir na Legataire univerfette, pour par elle Jouir de touts

559 1544 1674 98 mesdbsens en toute Propricte du Jour de mon deus, auf

545 1646 804 94 Aiarges portier Cidivant

672 1716 1530 118 Le Dectare que par le contrait des Conditions su mariage

545 1808 1688 108 papré en Duse du notaire Sissiqnés, entre te nromme Jacques

544 1902 1681 116 mon affranche, et marie Joseph negresse Crote Javais Famis

537 1987 1674 132 de leur donner quatre Esctaves, que Jai Lecmpli Cetes obsigation

538 2094 1678 104 en leur Remestants les nommes fartas nor madegasse,

533 2192 1666 97 la ranné et Leveillée noirs mozambique, et vendredy demenc
