<?xml version="1.0" encoding="UTF-8"?>
<alto xmlns:xsi="http://www.w3.org/2001/XMLSchema-instance"
      xmlns="http://www.loc.gov/standards/alto/ns-v4#"
      xsi:schemaLocation="http://www.loc.gov/standards/alto/ns-v4# http://www.loc.gov/standards/alto/v4/alto-4-2.xsd">
  <Description>
    <MeasurementUnit>pixel</MeasurementUnit>
    <sourceImageInformation>
      <fileName>JK10_3.pdf_page_18.png</fileName>
      <fileIdentifier>pdf//JK10_3.pdf</fileIdentifier>
    </sourceImageInformation>
  </Description>
  <Tags>
    <OtherTag ID="BT8" LABEL="DamageZone" DESCRIPTION="block type DamageZone"/><OtherTag ID="BT9" LABEL="DigitizationArtefactZone" DESCRIPTION="block type DigitizationArtefactZone"/><OtherTag ID="BT12" LABEL="MainZone" DESCRIPTION="block type MainZone"/><OtherTag ID="BT13" LABEL="MarginTextZone" DESCRIPTION="block type MarginTextZone"/><OtherTag ID="BT15" LABEL="NumberingZone" DESCRIPTION="block type NumberingZone"/><OtherTag ID="BT17" LABEL="QuireMarksZone" DESCRIPTION="block type QuireMarksZone"/><OtherTag ID="BT427" LABEL="CustomZone:closer" DESCRIPTION="block type CustomZone:closer"/><OtherTag ID="BT428" LABEL="CustomZone:paraph" DESCRIPTION="block type CustomZone:paraph"/><OtherTag ID="BT429" LABEL="NumberingZone:document" DESCRIPTION="block type NumberingZone:document"/><OtherTag ID="BT430" LABEL="NumberingZone:folio" DESCRIPTION="block type NumberingZone:folio"/><OtherTag ID="BT431" LABEL="NumberingZone:page" DESCRIPTION="block type NumberingZone:page"/><OtherTag ID="BT432" LABEL="text" DESCRIPTION="block type text"/>
    <OtherTag ID="LT8" LABEL="DefaultLine" DESCRIPTION="line type DefaultLine"/><OtherTag ID="LT10" LABEL="HeadingLine" DESCRIPTION="line type HeadingLine"/><OtherTag ID="LT11" LABEL="InterlinearLine" DESCRIPTION="line type InterlinearLine"/><OtherTag ID="LT317" LABEL="default" DESCRIPTION="line type default"/>
  </Tags>
  <Layout>
    <Page WIDTH="3233"
          HEIGHT="2479"
          PHYSICAL_IMG_NR="17"
          ID="eSc_dummypage_">
      <PrintSpace HPOS="0"
                  VPOS="0"
                  WIDTH="3233"
                  HEIGHT="2479">
        <TextBlock HPOS="539"
                   VPOS="0"
                   WIDTH="2692"
                   HEIGHT="2218"
                   ID="eSc_textblock_0a4d6ab6"
                   TAGREFS="BT432">
          <Shape><Polygon POINTS="1540 0 3231 0 3199 97 2997 114 2665 192 2727 231 2858 236 2880 258 2885 351 2832 418 3155 457 3177 484 3106 947 3073 1519 3029 1663 3012 1981 2957 2036 2903 2036 2808 2119 2753 2125 953 2147 815 2174 747 2218 650 2218 622 2060 551 2025 539 1998 539 1873 556 1641 600 1497 551 1327 611 1227 595 914 600 870 633 841 644 714 639 594 589 499 589 407 661 274 672 181 775 137 903 231 1067 275 1095 297 1118 446 1168 468 1265 468 1338 424 1548 384 1498 307 1504 159 1526 38 1592 5 1540 0"/></Shape>
          <TextLine ID="eSc_line_bbe2089b"
                    TAGREFS="LT317"
                    BASELINE="1534 108 2048 117 2855 90 2909 81" 
                    HPOS="1531"
                    VPOS="26"
                    WIDTH="1378"
                    HEIGHT="124">
            <Shape><Polygon POINTS="1534 108 1534 130 1673 133 1675 133 1724 128 1745 125 1749 126 1783 144 1785 144 1786 144 1787 144 1821 136 1978 140 1979 140 1980 140 1982 140 2000 129 2023 141 2024 141 2026 141 2071 132 2121 132 2139 140 2140 140 2142 140 2143 140 2179 128 2217 148 2219 148 2220 150 2259 150 2259 148 2299 147 2300 147 2377 114 2380 112 2383 112 2482 143 2483 143 2485 143 2618 141 2620 141 2621 141 2668 111 2760 106 2782 104 2789 104 2850 112 2851 112 2907 101 2909 81 2903 42 2859 49 2840 42 2797 27 2796 27 2794 27 2726 34 2697 27 2695 27 2694 27 2693 27 2657 45 2639 55 2618 55 2596 46 2544 26 2542 26 2478 26 2476 26 2434 27 2432 27 2431 27 2396 49 2381 59 2366 50 2333 31 2332 31 2301 30 2300 30 2299 30 2297 30 2263 52 2245 61 2045 60 2037 55 2001 35 2000 35 1976 35 1975 35 1973 35 1972 35 1939 56 1921 68 1804 68 1789 59 1782 55 1781 55 1779 55 1778 55 1727 60 1720 60 1717 60 1648 42 1647 42 1646 42 1563 44 1562 44 1560 44 1531 60 1534 108"/></Shape>
	    <String CONTENT="huit Janvier mel Sept Cent quatre"
                    HPOS="1531"
                    VPOS="26"
                    WIDTH="1378"
                    HEIGHT="124"
                    WC="0.982515093052026"></String>
          </TextLine>
          <TextLine ID="eSc_line_c10fa550"
                    TAGREFS="LT317"
                    BASELINE="2951 71 3194 61" 
                    HPOS="2949"
                    VPOS="6"
                    WIDTH="245"
                    HEIGHT="84">
            <Shape><Polygon POINTS="2951 71 2953 90 2968 82 3194 79 3194 61 3191 28 3049 19 3038 8 3038 6 3037 6 3036 6 3034 6 2980 8 2979 8 2978 8 2978 9 2976 9 2964 24 2963 26 2949 24 2951 71"/></Shape>
	    <String CONTENT="Aumt"
                    HPOS="2949"
                    VPOS="6"
                    WIDTH="245"
                    HEIGHT="84"
                    WC="0.9997298717498779"></String>
          </TextLine>
          <TextLine ID="eSc_line_5c536216"
                    TAGREFS="LT317"
                    BASELINE="1529 249 2099 258" 
                    HPOS="1527"
                    VPOS="161"
                    WIDTH="572"
                    HEIGHT="172">
            <Shape><Polygon POINTS="1529 249 1527 267 1602 325 1603 325 1604 325 1606 325 1666 312 1668 312 1669 312 1724 269 1726 269 1859 271 1862 275 1917 329 1917 330 1918 330 1920 330 1936 331 1938 333 2011 333 2011 331 2012 331 2013 331 2013 330 2064 283 2097 282 2099 258 2099 207 1969 206 1964 202 1914 166 1913 166 1911 166 1832 165 1830 165 1829 165 1779 184 1767 172 1767 170 1765 170 1764 170 1745 170 1743 170 1742 170 1741 170 1713 188 1691 172 1690 172 1688 172 1687 172 1686 172 1684 172 1684 173 1665 190 1659 194 1629 192 1626 188 1602 162 1602 161 1600 161 1599 161 1581 161 1579 161 1578 161 1529 183 1529 249"/></Shape>
	    <String CONTENT="Vingt traize."
                    HPOS="1527"
                    VPOS="161"
                    WIDTH="572"
                    HEIGHT="172"
                    WC="0.959750927411593"></String>
          </TextLine>
          <TextLine ID="eSc_line_1bf0ebf5"
                    TAGREFS="LT317"
                    BASELINE="2257 320 2519 319" 
                    HPOS="2256"
                    VPOS="202"
                    WIDTH="263"
                    HEIGHT="154">
            <Shape><Polygon POINTS="2257 320 2257 331 2297 331 2299 333 2319 349 2321 349 2322 349 2323 349 2325 349 2343 341 2355 353 2355 355 2356 355 2358 355 2359 356 2420 356 2420 355 2421 355 2423 355 2423 353 2439 337 2442 336 2446 337 2451 342 2453 342 2454 342 2456 342 2457 342 2469 338 2486 333 2518 340 2519 319 2515 218 2456 228 2447 221 2443 218 2442 218 2440 218 2439 218 2418 218 2402 203 2402 202 2400 202 2399 202 2345 202 2344 202 2343 202 2341 202 2341 203 2314 229 2311 234 2256 234 2257 320"/></Shape>
	    <String CONTENT="Je fe"
                    HPOS="2256"
                    VPOS="202"
                    WIDTH="263"
                    HEIGHT="154"
                    WC="0.8979618072509765"></String>
          </TextLine>
          <TextLine ID="eSc_line_2838ce16"
                    TAGREFS="LT317"
                    BASELINE="2719 311 2757 309" 
                    HPOS="2719"
                    VPOS="267"
                    WIDTH="38"
                    HEIGHT="59">
            <Shape><Polygon POINTS="2719 320 2756 326 2757 309 2752 267 2730 274 2719 267 2719 311 2719 320"/></Shape>
	    <String CONTENT="2"
                    HPOS="2719"
                    VPOS="267"
                    WIDTH="38"
                    HEIGHT="59"
                    WC="0.9997850060462952"></String>
          </TextLine>
          <TextLine ID="eSc_line_b7e75646"
                    TAGREFS="LT317"
                    BASELINE="2800 307 2866 307" 
                    HPOS="2800"
                    VPOS="257"
                    WIDTH="66"
                    HEIGHT="66">
            <Shape><Polygon POINTS="2800 307 2800 323 2866 322 2866 307 2866 265 2836 257 2834 257 2833 257 2800 263 2800 307"/></Shape>
	    <String CONTENT="3"
                    HPOS="2800"
                    VPOS="257"
                    WIDTH="66"
                    HEIGHT="66"
                    WC="0.9999902248382568"></String>
          </TextLine>
          <TextLine ID="eSc_line_465c79ca"
                    TAGREFS="LT317"
                    BASELINE="716 559 1501 563 1771 555 2388 553 2694 542 3093 550" 
                    HPOS="714"
                    VPOS="476"
                    WIDTH="2379"
                    HEIGHT="105">
            <Shape><Polygon POINTS="716 559 714 579 943 579 944 579 946 579 979 570 1062 578 1089 581 1090 581 1125 578 1248 566 1285 577 1294 579 1296 579 1625 581 1626 581 1628 581 1651 574 1686 563 1731 572 1739 574 1741 574 1759 572 1794 568 1808 572 1833 579 1834 579 1836 579 1874 572 1900 579 1902 579 1903 579 1905 579 1934 571 1935 571 1964 579 1965 579 1967 579 2007 570 2018 568 2038 570 2069 572 2070 572 2103 570 2176 561 2237 568 2278 572 2279 572 2423 571 2454 567 2486 561 2519 566 2552 570 2553 570 2581 566 2604 561 2980 561 2983 561 3011 570 3012 570 3013 570 3092 560 3093 550 3092 476 2918 476 2917 476 2916 476 2907 479 2810 508 2728 502 2670 482 2654 476 2653 476 2513 476 2512 476 2511 476 2486 484 2429 504 2359 487 2348 484 2347 484 2345 484 2336 487 2267 505 2205 493 2204 493 2202 493 2148 509 2070 494 2069 494 1996 510 1928 493 1870 477 1869 477 1867 477 1866 477 1812 494 1801 498 1790 495 1731 476 1730 476 1694 476 1692 476 1691 476 1629 497 1610 504 1588 498 1541 486 1540 486 1538 486 1537 486 1497 499 1479 505 1422 501 1310 491 1308 491 1307 491 1268 502 1264 504 1257 504 1202 495 1201 495 1199 495 1173 504 1173 505 1172 505 1100 505 1026 483 1024 483 1023 483 1022 483 946 508 936 512 716 512 716 559"/></Shape>
	    <String CONTENT="Pardevant Le notaire du on a leste de France foussignes ant"
                    HPOS="714"
                    VPOS="476"
                    WIDTH="2379"
                    HEIGHT="105"
                    WC="0.9839645977747642"></String>
          </TextLine>
          <TextLine ID="eSc_line_961fa417"
                    TAGREFS="LT317"
                    BASELINE="662 706 1190 696 1717 701 2534 687 2799 676 3111 681" 
                    HPOS="661"
                    VPOS="603"
                    WIDTH="2450"
                    HEIGHT="121">
            <Shape><Polygon POINTS="662 706 662 720 851 724 852 724 854 724 873 718 877 716 1122 714 1130 714 1179 723 1180 723 1285 713 1307 712 1315 713 1365 723 1366 723 1447 714 1783 718 1785 718 1862 706 1867 706 1883 706 2030 712 2031 712 2143 703 2164 702 2199 702 2504 710 2505 710 2647 696 2659 696 2665 696 2726 707 2727 707 2832 698 2906 706 2907 706 2965 695 3026 705 3027 705 3109 691 3111 681 3107 605 2983 637 2881 608 2862 603 2861 603 2782 603 2781 603 2679 604 2677 604 2655 611 2564 641 2485 623 2483 623 2482 623 2405 644 2288 637 2286 637 2246 645 2173 637 2172 637 2144 643 2048 619 2026 615 2024 615 2023 615 2005 621 1918 648 1847 629 1845 629 1844 629 1843 629 1779 652 1588 652 1509 628 1479 618 1478 618 1416 618 1414 618 1413 618 1373 629 1281 658 1191 658 1117 633 1082 622 1081 622 1079 622 911 623 849 637 815 644 790 637 750 626 749 626 701 626 699 626 698 626 661 637 662 706"/></Shape>
	    <String CONTENT="E Les Ces moins ce afres nomme fut Fresent Mantoine depteut rngt"
                    HPOS="661"
                    VPOS="603"
                    WIDTH="2450"
                    HEIGHT="121"
                    WC="0.9476687284186482"></String>
          </TextLine>
          <TextLine ID="eSc_line_f55ed555"
                    TAGREFS="LT317"
                    BASELINE="650 830 2778 827" 
                    HPOS="648"
                    VPOS="761"
                    WIDTH="2130"
                    HEIGHT="109">
            <Shape><Polygon POINTS="650 830 650 845 967 845 975 846 1020 858 1022 858 1143 846 1155 846 1158 846 1217 869 1219 869 1220 870 1394 870 1394 869 1479 848 1491 845 1504 848 1579 869 1581 869 1582 870 1713 870 1713 869 1714 869 1783 848 1801 844 1914 848 1914 849 1962 867 1964 867 1965 869 2018 869 2018 867 2019 867 2075 849 2085 846 2179 849 2297 853 2299 853 2372 851 2496 844 2526 851 2563 859 2564 859 2617 856 2647 867 2648 867 2650 869 2735 869 2735 867 2737 867 2778 851 2778 827 2775 761 2489 761 2487 761 2485 761 2440 769 2387 761 2383 761 2381 761 2380 761 2378 761 2310 789 2180 789 2081 764 2080 764 2078 764 2045 773 2011 764 2009 764 2008 764 2007 764 1945 789 1754 789 1676 771 1675 771 1606 785 1552 772 1551 772 1549 772 1505 790 1383 790 1337 772 1336 772 1275 772 1274 772 1272 772 1217 789 1159 773 1158 773 1157 773 1155 773 1114 790 1009 790 889 764 885 764 832 762 830 762 829 762 823 764 798 772 770 764 763 762 761 762 760 762 648 764 650 830"/></Shape>
	    <String CONTENT="dededeneemarie Gtoyen, de fette ville y demeurant Puroisu"
                    HPOS="648"
                    VPOS="761"
                    WIDTH="2130"
                    HEIGHT="109"
                    WC="0.9598856908187532"></String>
          </TextLine>
          <TextLine ID="eSc_line_8315d415"
                    TAGREFS="LT317"
                    BASELINE="2836 786 3095 787" 
                    HPOS="2834"
                    VPOS="728"
                    WIDTH="261"
                    HEIGHT="95">
            <Shape><Polygon POINTS="2836 786 2834 800 2855 820 2855 822 2856 822 2858 822 2859 823 2912 823 2912 822 2913 822 2953 805 2961 811 2963 811 2964 811 2965 811 2967 811 3002 801 3011 808 3012 808 3013 808 3015 808 3093 796 3095 787 3089 729 3033 767 2979 753 2978 753 2976 753 2975 753 2947 767 2929 758 2928 758 2927 758 2925 758 2912 765 2872 729 2870 729 2869 729 2836 728 2836 786"/></Shape>
	    <String CONTENT="Jeua"
                    HPOS="2834"
                    VPOS="728"
                    WIDTH="261"
                    HEIGHT="95"
                    WC="0.9990858435630798"></String>
          </TextLine>
          <TextLine ID="eSc_line_5af2c897"
                    TAGREFS="LT317"
                    BASELINE="2856 863 3088 859" 
                    HPOS="2855"
                    VPOS="813"
                    WIDTH="233"
                    HEIGHT="67">
            <Shape><Polygon POINTS="2856 863 2856 874 3008 880 3009 880 3088 870 3088 859 3084 822 3059 824 3056 822 3048 815 3048 813 3047 813 3045 813 3011 813 3009 813 3008 813 3007 813 3007 815 3005 815 3001 822 2855 827 2856 863"/></Shape>
	    <String CONTENT="taul de"
                    HPOS="2855"
                    VPOS="813"
                    WIDTH="233"
                    HEIGHT="67"
                    WC="0.9996899110930306"></String>
          </TextLine>
          <TextLine ID="eSc_line_f7d18b36"
                    TAGREFS="LT317"
                    BASELINE="612 965 1793 953 2358 929 2815 929" 
                    HPOS="610"
                    VPOS="870"
                    WIDTH="2205"
                    HEIGHT="120">
            <Shape><Polygon POINTS="612 965 612 990 741 981 882 986 953 987 954 987 972 983 998 977 1071 981 1141 984 1143 984 1177 979 1209 973 1270 976 1370 981 1371 981 1373 981 1395 973 1407 969 1421 973 1449 980 1450 980 1451 980 1559 979 1617 968 1621 968 1630 968 1738 973 1739 973 1741 973 1761 965 1768 962 1779 964 1830 973 1832 973 1833 973 1865 964 2011 972 2012 972 2013 972 2045 962 2113 966 2114 966 2115 966 2154 955 2173 948 2471 946 2479 947 2505 954 2507 954 2508 954 2509 954 2534 946 2541 943 2814 939 2815 929 2812 891 2721 891 2719 891 2653 870 2651 870 2650 870 2648 870 2596 891 2479 891 2417 877 2416 877 2414 877 2367 889 2292 873 2290 873 2202 874 2114 880 2113 880 2062 895 2033 903 1928 903 1902 895 1848 878 1847 878 1845 878 1779 892 1655 881 1654 881 1584 897 1530 910 1464 911 1234 913 1195 899 1183 895 1181 895 1180 895 1179 895 1165 899 1122 914 1081 900 1055 891 1053 891 1052 891 1051 891 1015 899 946 892 944 892 943 892 921 900 891 913 844 902 811 893 809 893 610 902 612 965"/></Shape>
	    <String CONTENT="Louis fels de far M goseph dEstreux ade dame marie"
                    HPOS="610"
                    VPOS="870"
                    WIDTH="2205"
                    HEIGHT="120"
                    WC="0.9862512743473053"></String>
          </TextLine>
          <TextLine ID="eSc_line_8ad14469"
                    TAGREFS="LT317"
                    BASELINE="2852 932 3082 936" 
                    HPOS="2851"
                    VPOS="891"
                    WIDTH="231"
                    HEIGHT="66">
            <Shape><Polygon POINTS="2852 932 2851 946 2928 957 2929 957 3081 951 3082 936 3082 904 3078 900 3078 899 3077 899 3075 899 3074 899 3047 904 3029 907 3019 902 3002 893 3001 893 3000 893 2998 893 2997 893 2989 900 2980 907 2899 907 2884 892 2883 892 2883 891 2881 891 2880 891 2852 891 2852 932"/></Shape>
	    <String CONTENT="paculeur"
                    HPOS="2851"
                    VPOS="891"
                    WIDTH="231"
                    HEIGHT="66"
                    WC="0.9960634112358093"></String>
          </TextLine>
          <TextLine ID="eSc_line_95c8e942"
                    TAGREFS="LT317"
                    BASELINE="2867 1001 3077 997" 
                    HPOS="2865"
                    VPOS="955"
                    WIDTH="212"
                    HEIGHT="76">
            <Shape><Polygon POINTS="2867 1001 2867 1031 2964 1013 2987 1019 3002 1021 3004 1021 3005 1021 3007 1021 3013 1016 3016 1012 3075 1008 3077 997 3073 955 2865 961 2867 1001"/></Shape>
	    <String CONTENT="decr et"
                    HPOS="2865"
                    VPOS="955"
                    WIDTH="212"
                    HEIGHT="76"
                    WC="0.9964019230433873"></String>
          </TextLine>
          <TextLine ID="eSc_line_e892b756"
                    TAGREFS="LT317"
                    BASELINE="636 1108 759 1101 2074 1085 2340 1078 2566 1061 2808 1052" 
                    HPOS="635"
                    VPOS="997"
                    WIDTH="2173"
                    HEIGHT="130">
            <Shape><Polygon POINTS="636 1108 637 1125 720 1116 893 1118 895 1118 960 1107 1027 1118 1093 1127 1095 1127 1232 1126 1234 1126 1261 1115 1329 1116 1330 1116 1332 1116 1351 1111 1363 1107 1424 1110 1513 1112 1515 1112 1516 1112 1533 1107 1559 1097 1592 1105 1640 1118 1641 1118 1643 1118 1781 1103 1840 1103 1876 1115 1877 1115 1878 1115 2027 1114 2132 1097 2403 1097 2405 1097 2445 1088 2469 1081 2807 1079 2808 1052 2805 998 2642 997 2640 997 2585 1003 2571 1005 2559 1005 2493 999 2491 999 2490 999 2471 1008 2427 1024 2384 1009 2361 1002 2359 1002 2358 1002 2253 1003 2252 1003 2223 1015 2202 1021 2180 1016 2176 1015 2175 1015 2173 1015 2172 1015 2168 1016 2108 1038 2041 1038 1991 1023 1990 1023 1989 1023 1987 1023 1932 1037 1896 1024 1894 1023 1892 1023 1891 1023 1889 1023 1885 1024 1844 1042 1712 1042 1676 1030 1654 1023 1653 1023 1651 1023 1602 1030 1534 1021 1533 1021 1472 1037 1431 1048 1239 1052 1194 1052 1177 1045 1115 1023 1114 1023 1113 1023 1111 1023 1037 1043 928 1032 927 1032 863 1043 814 1026 812 1026 811 1026 742 1027 741 1027 659 1060 635 1060 636 1108"/></Shape>
	    <String CONTENT="Aescat de la paroisse no^e dame du Caux de lamiere de parteen"
                    HPOS="635"
                    VPOS="997"
                    WIDTH="2173"
                    HEIGHT="130"
                    WC="0.9836572965637582"></String>
          </TextLine>
          <TextLine ID="eSc_line_d2984168"
                    TAGREFS="LT317"
                    BASELINE="2852 1067 3071 1067" 
                    HPOS="2852"
                    VPOS="1026"
                    WIDTH="219"
                    HEIGHT="60">
            <Shape><Polygon POINTS="2852 1067 2852 1075 2874 1086 2876 1086 2877 1086 3071 1078 3071 1067 3070 1042 2963 1042 2946 1027 2946 1026 2945 1026 2943 1026 2896 1026 2895 1026 2894 1026 2892 1026 2867 1046 2867 1048 2852 1048 2852 1067"/></Shape>
	    <String CONTENT="ede"
                    HPOS="2852"
                    VPOS="1026"
                    WIDTH="219"
                    HEIGHT="60"
                    WC="0.9999659061431885"></String>
          </TextLine>
          <TextLine ID="eSc_line_856148f5"
                    TAGREFS="LT317"
                    BASELINE="644 1222 870 1224" 
                    HPOS="643"
                    VPOS="1166"
                    WIDTH="227"
                    HEIGHT="74">
            <Shape><Polygon POINTS="644 1222 643 1233 687 1240 688 1240 690 1240 691 1240 691 1239 698 1232 869 1227 870 1224 869 1205 798 1194 797 1194 794 1194 742 1203 721 1184 705 1167 705 1166 703 1166 702 1166 701 1166 644 1172 644 1222"/></Shape>
	    <String CONTENT="de"
                    HPOS="643"
                    VPOS="1166"
                    WIDTH="227"
                    HEIGHT="74"
                    WC="0.9953280091285706"></String>
          </TextLine>
          <TextLine ID="eSc_line_53ce813f"
                    TAGREFS="LT317"
                    BASELINE="889 1224 1495 1227 1925 1216 2243 1199 2407 1181 2781 1166" 
                    HPOS="888"
                    VPOS="1122"
                    WIDTH="1893"
                    HEIGHT="125">
            <Shape><Polygon POINTS="889 1224 889 1231 1287 1247 1289 1247 1456 1243 1457 1243 1486 1233 1511 1242 1512 1242 1513 1242 1648 1239 1699 1229 1786 1235 1787 1235 1840 1224 1861 1232 1862 1232 1863 1232 1986 1225 2081 1231 2082 1231 2180 1213 2274 1220 2275 1220 2277 1220 2312 1202 2781 1192 2781 1166 2775 1122 2513 1127 2512 1127 2501 1133 2496 1134 2458 1134 2294 1132 2293 1132 2292 1132 2263 1143 2253 1147 2197 1147 2195 1147 2194 1147 2137 1166 2089 1149 2078 1145 2077 1145 2075 1145 2074 1145 2052 1151 1950 1178 1898 1178 1825 1160 1807 1156 1805 1156 1804 1156 1787 1162 1741 1177 1706 1165 1694 1160 1692 1160 1691 1160 1690 1160 1673 1166 1651 1174 1629 1169 1581 1155 1579 1155 1578 1155 1577 1155 1540 1172 1509 1187 1352 1189 1323 1181 1275 1165 1274 1165 1272 1165 1271 1165 1223 1185 1203 1192 1188 1187 1170 1180 1169 1180 1168 1180 1166 1180 1146 1188 1130 1195 1056 1195 1046 1192 1023 1184 1022 1184 1020 1184 1019 1184 997 1194 991 1198 888 1198 889 1224"/></Shape>
	    <String CONTENT="malade de corps Seant Sur ve chaite a fote de Son lil"
                    HPOS="888"
                    VPOS="1122"
                    WIDTH="1893"
                    HEIGHT="125"
                    WC="0.98259932252596"></String>
          </TextLine>
          <TextLine ID="eSc_line_d81b9009"
                    TAGREFS="LT317"
                    BASELINE="2818 1235 3059 1233" 
                    HPOS="2816"
                    VPOS="1181"
                    WIDTH="243"
                    HEIGHT="95">
            <Shape><Polygon POINTS="2818 1235 2819 1272 2866 1256 2878 1268 2885 1273 2885 1275 2887 1275 2888 1275 2890 1276 2927 1276 2927 1275 2928 1275 2953 1262 2967 1256 2971 1261 2985 1273 2985 1275 2986 1275 2987 1275 2989 1276 3013 1276 3013 1275 3015 1275 3016 1275 3038 1257 3040 1256 3058 1256 3059 1233 3055 1194 2883 1195 2865 1183 2863 1181 2862 1181 2861 1181 2816 1181 2818 1235"/></Shape>
	    <String CONTENT="urayay"
                    HPOS="2816"
                    VPOS="1181"
                    WIDTH="243"
                    HEIGHT="95"
                    WC="0.9993537267049154"></String>
          </TextLine>
          <TextLine ID="eSc_line_b76fdb6c"
                    TAGREFS="LT317"
                    BASELINE="621 1352 1772 1351 2753 1316" 
                    HPOS="619"
                    VPOS="1261"
                    WIDTH="2134"
                    HEIGHT="117">
            <Shape><Polygon POINTS="621 1352 622 1364 1005 1364 1062 1375 1063 1377 1152 1377 1152 1375 1154 1375 1201 1359 1234 1368 1235 1368 1236 1368 1374 1366 1577 1375 1578 1375 1643 1366 1745 1371 1746 1371 1787 1364 1825 1377 1826 1377 1827 1378 1867 1378 1867 1377 2045 1374 2046 1374 2111 1356 2246 1344 2339 1345 2365 1356 2366 1356 2367 1356 2369 1356 2403 1346 2491 1346 2547 1366 2548 1366 2549 1366 2614 1364 2615 1364 2694 1334 2695 1334 2752 1334 2753 1316 2750 1276 2629 1273 2580 1262 2578 1262 2483 1273 2416 1261 2414 1261 2311 1262 2226 1279 2129 1298 2092 1298 2040 1279 2013 1271 2012 1271 2011 1271 2009 1271 1983 1280 1929 1300 1874 1290 1873 1290 1872 1290 1844 1302 1792 1302 1754 1291 1753 1291 1752 1291 1750 1291 1716 1304 1529 1305 1494 1294 1493 1294 1491 1294 1413 1309 1358 1309 1308 1291 1307 1291 1305 1291 1230 1300 1183 1284 1169 1280 1168 1280 1166 1280 1106 1282 1104 1282 1095 1284 1049 1302 990 1286 980 1283 979 1283 978 1283 976 1283 968 1286 878 1316 792 1309 736 1287 735 1287 734 1287 732 1287 619 1287 621 1352"/></Shape>
	    <String CONTENT="danviu chambr Basse donnant sur den fousemen dees montagnes"
                    HPOS="619"
                    VPOS="1261"
                    WIDTH="2134"
                    HEIGHT="117"
                    WC="0.9483458712949591"></String>
          </TextLine>
          <TextLine ID="eSc_line_63135af6"
                    TAGREFS="LT317"
                    BASELINE="2836 1316 2845 1316" 
                    HPOS="2836"
                    VPOS="1290"
                    WIDTH="9"
                    HEIGHT="33">
            <Shape><Polygon POINTS="2836 1316 2837 1323 2845 1320 2845 1316 2845 1290 2836 1290 2836 1316"/></Shape>
	    <String CONTENT="1"
                    HPOS="2836"
                    VPOS="1290"
                    WIDTH="9"
                    HEIGHT="33"
                    WC="0.997577965259552"></String>
          </TextLine>
          <TextLine ID="eSc_line_30c09c65"
                    TAGREFS="LT317"
                    BASELINE="2823 1400 2958 1399" 
                    HPOS="2822"
                    VPOS="1341"
                    WIDTH="136"
                    HEIGHT="76">
            <Shape><Polygon POINTS="2823 1400 2823 1408 2872 1417 2873 1417 2958 1407 2958 1399 2954 1341 2822 1353 2823 1400"/></Shape>
	    <String CONTENT="de."
                    HPOS="2822"
                    VPOS="1341"
                    WIDTH="136"
                    HEIGHT="76"
                    WC="0.9998150666554769"></String>
          </TextLine>
          <TextLine ID="eSc_line_c9e496d1"
                    TAGREFS="LT317"
                    BASELINE="641 1477 1877 1483 2333 1470 3055 1477" 
                    HPOS="640"
                    VPOS="1406"
                    WIDTH="2415"
                    HEIGHT="96">
            <Shape><Polygon POINTS="641 1477 640 1487 779 1487 807 1490 871 1498 873 1498 997 1491 1024 1490 1035 1491 1085 1499 1086 1501 1223 1501 1223 1499 1224 1499 1246 1492 1254 1490 1264 1492 1289 1499 1290 1499 1548 1501 1549 1501 1622 1494 1657 1491 1668 1494 1687 1501 1688 1501 1690 1501 1907 1499 1909 1499 1924 1495 1942 1491 1957 1495 1969 1499 1971 1499 1972 1499 2007 1497 2030 1494 2046 1497 2082 1502 2084 1502 2150 1497 2248 1488 2294 1498 2312 1501 2314 1501 2315 1501 2326 1498 2358 1488 2602 1495 2603 1495 2828 1490 2854 1498 2855 1498 2856 1498 2985 1490 3052 1501 3055 1477 3053 1443 2913 1443 2909 1440 2845 1419 2844 1419 2843 1419 2800 1424 2777 1417 2775 1417 2774 1417 2647 1439 2626 1441 2603 1437 2450 1410 2232 1410 2231 1410 2230 1410 2188 1422 2150 1410 2148 1410 2147 1410 2035 1417 1958 1408 1957 1408 1956 1408 1880 1430 1852 1440 1757 1440 1697 1429 1573 1408 1571 1408 1478 1426 1422 1439 1089 1439 1046 1424 1045 1424 1044 1424 987 1437 924 1437 880 1421 858 1414 856 1414 855 1414 808 1421 768 1426 746 1419 701 1406 699 1406 698 1406 641 1419 641 1477"/></Shape>
	    <String CONTENT="du champde mars pres la Tatte atommer Sain dEsprit, memoir ance mn"
                    HPOS="640"
                    VPOS="1406"
                    WIDTH="2415"
                    HEIGHT="96"
                    WC="0.9810390517567144"></String>
          </TextLine>
          <TextLine ID="eSc_line_3c6a885a"
                    TAGREFS="LT317"
                    BASELINE="636 1596 1114 1593 1625 1603 2695 1574 2823 1560 3015 1556" 
                    HPOS="635"
                    VPOS="1501"
                    WIDTH="2380"
                    HEIGHT="150">
            <Shape><Polygon POINTS="636 1596 636 1651 712 1651 712 1649 713 1649 720 1648 747 1640 770 1647 778 1648 779 1648 781 1648 782 1648 790 1645 876 1614 1129 1611 1293 1614 1332 1625 1333 1625 1334 1625 1336 1625 1362 1614 1451 1611 1522 1623 1579 1633 1581 1634 1646 1634 1646 1633 1841 1629 1843 1629 1896 1614 2030 1626 2031 1626 2033 1626 2084 1614 2170 1614 2172 1614 2173 1614 2199 1603 2232 1601 2305 1597 2314 1598 2327 1603 2329 1603 2330 1603 2332 1603 2348 1597 2359 1594 2370 1597 2396 1604 2398 1604 2399 1604 2445 1596 2483 1605 2485 1605 2486 1605 2577 1597 2599 1603 2600 1603 2602 1603 2694 1596 2695 1596 2723 1586 2737 1582 2752 1585 2828 1603 2829 1603 2830 1603 2890 1581 2896 1578 3015 1576 3015 1556 3011 1501 2887 1502 2885 1502 2884 1502 2764 1538 2595 1510 2593 1510 2592 1510 2515 1534 2440 1538 2365 1520 2363 1520 2362 1520 2323 1530 2265 1525 2264 1525 2263 1525 2205 1542 2146 1530 2144 1530 2103 1539 2075 1531 2074 1531 2073 1531 2040 1534 1980 1519 1979 1519 1978 1519 1976 1519 1872 1557 1456 1563 1392 1550 1391 1550 1389 1550 1327 1565 1281 1559 1279 1559 1236 1567 1139 1536 1137 1536 1136 1536 1135 1536 1081 1550 986 1539 984 1539 983 1539 950 1547 903 1539 792 1539 787 1539 786 1539 785 1539 759 1549 730 1541 728 1541 727 1541 635 1541 636 1596"/></Shape>
	    <String CONTENT="Jugement a entendement, ainsi que par Ses paroles laction e les fiste"
                    HPOS="635"
                    VPOS="1501"
                    WIDTH="2380"
                    HEIGHT="150"
                    WC="0.97059893089792"></String>
          </TextLine>
          <TextLine ID="eSc_line_5e2f7fb6"
                    TAGREFS="LT317"
                    BASELINE="2794 1633 3002 1629" 
                    HPOS="2793"
                    VPOS="1570"
                    WIDTH="209"
                    HEIGHT="112">
            <Shape><Polygon POINTS="2794 1633 2794 1682 2848 1682 2848 1681 2850 1681 2851 1681 2851 1680 2865 1667 2881 1649 3001 1637 3002 1629 3000 1575 2920 1570 2918 1570 2917 1570 2888 1585 2869 1585 2867 1585 2866 1585 2865 1585 2865 1586 2856 1594 2848 1604 2793 1604 2794 1633"/></Shape>
	    <String CONTENT="6 far"
                    HPOS="2793"
                    VPOS="1570"
                    WIDTH="209"
                    HEIGHT="112"
                    WC="0.9761313915252685"></String>
          </TextLine>
          <TextLine ID="eSc_line_1000cccd"
                    TAGREFS="LT317"
                    BASELINE="622 1717 1757 1707" 
                    HPOS="621"
                    VPOS="1648"
                    WIDTH="1136"
                    HEIGHT="112">
            <Shape><Polygon POINTS="622 1717 622 1760 747 1758 749 1758 756 1754 804 1729 940 1729 965 1742 967 1742 968 1742 969 1742 971 1742 1008 1718 1073 1729 1074 1729 1126 1720 1175 1736 1177 1738 1179 1738 1180 1738 1181 1738 1184 1736 1198 1729 1349 1729 1352 1729 1395 1740 1396 1740 1398 1740 1504 1728 1505 1728 1506 1728 1513 1722 1519 1718 1523 1722 1535 1731 1537 1731 1538 1731 1540 1732 1712 1732 1712 1731 1713 1731 1714 1731 1738 1713 1739 1713 1757 1713 1757 1707 1754 1665 1599 1665 1575 1648 1574 1648 1573 1648 1524 1648 1523 1648 1522 1648 1520 1648 1498 1663 1484 1654 1483 1654 1482 1654 1445 1654 1443 1654 1442 1654 1440 1654 1429 1663 1319 1667 1270 1649 1268 1649 1267 1649 1265 1649 1264 1649 1242 1666 1203 1666 1161 1651 1159 1651 1104 1651 1103 1651 942 1663 940 1663 939 1663 922 1676 918 1680 679 1680 677 1680 654 1673 652 1673 651 1673 650 1673 621 1680 622 1717"/></Shape>
	    <String CONTENT="aparu auxdits notaires ttesmoins"
                    HPOS="621"
                    VPOS="1648"
                    WIDTH="1136"
                    HEIGHT="112"
                    WC="0.9738915041089058"></String>
          </TextLine>
          <TextLine ID="eSc_line_33ec68a1"
                    TAGREFS="LT317"
                    BASELINE="2782 1722 3005 1720" 
                    HPOS="2781"
                    VPOS="1666"
                    WIDTH="224"
                    HEIGHT="73">
            <Shape><Polygon POINTS="2782 1722 2782 1736 3004 1739 3005 1720 3001 1666 2963 1674 2945 1671 2925 1667 2924 1667 2923 1667 2921 1667 2921 1669 2916 1674 2903 1687 2781 1687 2782 1722"/></Shape>
	    <String CONTENT="et de"
                    HPOS="2781"
                    VPOS="1666"
                    WIDTH="224"
                    HEIGHT="73"
                    WC="0.999923300743103"></String>
          </TextLine>
          <TextLine ID="eSc_line_1e03a0bb"
                    TAGREFS="LT317"
                    BASELINE="612 1862 957 1863 1446 1850 1932 1849 2675 1822" 
                    HPOS="610"
                    VPOS="1760"
                    WIDTH="2065"
                    HEIGHT="144">
            <Shape><Polygon POINTS="612 1862 612 1886 701 1882 712 1886 720 1889 721 1889 723 1889 724 1889 732 1885 743 1881 757 1885 827 1904 829 1904 830 1904 832 1904 867 1893 903 1904 905 1904 906 1904 1082 1901 1084 1901 1176 1874 1183 1871 1409 1866 1416 1868 1432 1874 1433 1874 1435 1874 1479 1866 1501 1863 1523 1866 1586 1873 1588 1873 1589 1873 1611 1864 1683 1871 1684 1871 1712 1866 1797 1884 1799 1884 1910 1882 1911 1882 1983 1864 2013 1873 2015 1873 2016 1873 2092 1859 2205 1864 2206 1864 2293 1850 2440 1863 2442 1863 2443 1863 2511 1844 2631 1846 2632 1846 2633 1846 2675 1835 2675 1822 2670 1760 2578 1760 2577 1760 2575 1760 2571 1761 2529 1779 2436 1764 2416 1761 2414 1761 2391 1765 2369 1768 2303 1766 2235 1765 2234 1765 2199 1768 2198 1768 2195 1769 2135 1793 2095 1779 2093 1779 2092 1779 2091 1779 2016 1802 1958 1804 1921 1804 1852 1777 1851 1777 1849 1777 1848 1777 1771 1808 1548 1812 1471 1795 1469 1795 1468 1795 1427 1806 1396 1797 1395 1797 1394 1797 1367 1802 1334 1790 1333 1790 1332 1790 1330 1790 1286 1808 1232 1798 1231 1798 1230 1798 1183 1817 1113 1791 1111 1791 1110 1791 957 1794 955 1794 954 1794 865 1827 721 1831 639 1802 637 1802 610 1802 612 1862"/></Shape>
	    <String CONTENT="eque l a fait dute a nomme Le présent son testamentl"
                    HPOS="610"
                    VPOS="1760"
                    WIDTH="2065"
                    HEIGHT="144"
                    WC="0.9765864771146041"></String>
          </TextLine>
          <TextLine ID="eSc_line_9851a169"
                    TAGREFS="LT317"
                    BASELINE="2767 1819 2929 1813" 
                    HPOS="2764"
                    VPOS="1758"
                    WIDTH="165"
                    HEIGHT="75">
            <Shape><Polygon POINTS="2767 1819 2770 1833 2778 1826 2927 1826 2929 1813 2927 1761 2888 1758 2887 1758 2885 1758 2884 1758 2884 1760 2883 1760 2878 1765 2869 1777 2830 1777 2814 1771 2803 1766 2801 1766 2800 1766 2799 1766 2797 1766 2797 1768 2790 1773 2785 1777 2764 1776 2767 1819"/></Shape>
	    <String CONTENT="8J"
                    HPOS="2764"
                    VPOS="1758"
                    WIDTH="165"
                    HEIGHT="75"
                    WC="0.9999647736549377"></String>
          </TextLine>
          <TextLine ID="eSc_line_09adc4cc"
                    TAGREFS="LT317"
                    BASELINE="2759 1873 2994 1866" 
                    HPOS="2757"
                    VPOS="1806"
                    WIDTH="237"
                    HEIGHT="112">
            <Shape><Polygon POINTS="2894 1815 2880 1816 2866 1816 2861 1816 2832 1828 2810 1838 2757 1838 2759 1873 2760 1918 2804 1918 2804 1917 2805 1917 2807 1917 2807 1915 2815 1908 2840 1884 2932 1884 2934 1884 2935 1884 2936 1884 2951 1873 2971 1882 2974 1884 2975 1884 2976 1884 2978 1884 2994 1878 2994 1866 2990 1806 2923 1819 2910 1817 2896 1815 2894 1815"/></Shape>
	    <String CONTENT="i fuit."
                    HPOS="2757"
                    VPOS="1806"
                    WIDTH="237"
                    HEIGHT="112"
                    WC="0.9956463319914681"></String>
          </TextLine>
          <TextLine ID="eSc_line_82404132"
                    TAGREFS="LT317"
                    BASELINE="595 2005 1125 1990 1789 1985 2119 1976" 
                    HPOS="593"
                    VPOS="1910"
                    WIDTH="1526"
                    HEIGHT="115">
            <Shape><Polygon POINTS="595 2005 595 2013 663 2025 665 2025 666 2025 685 2017 747 2024 749 2024 750 2024 782 2016 967 2016 968 2016 1017 2006 1022 2006 1055 2006 1330 2007 1332 2007 1405 1999 1414 1999 1417 1999 1438 2006 1439 2006 1440 2006 1490 1998 1497 1998 1501 1998 1562 2007 1563 2007 1684 1995 1688 1995 1690 1995 1731 2007 1732 2007 1734 2007 1910 1996 1986 2003 1987 2003 2056 2002 2057 2002 2084 1988 2085 1988 2119 1988 2119 1976 2115 1910 1990 1911 1989 1911 1978 1914 1876 1947 1803 1947 1741 1925 1739 1925 1738 1925 1737 1925 1683 1941 1650 1926 1630 1918 1629 1918 1575 1918 1574 1918 1538 1919 1537 1919 1515 1932 1490 1946 1432 1934 1411 1932 1410 1932 1409 1932 1407 1932 1400 1936 1373 1952 1349 1947 1348 1947 1347 1947 1264 1955 1236 1943 1199 1925 1198 1925 1163 1925 1162 1925 1107 1934 1044 1928 1042 1928 1041 1928 998 1951 980 1962 807 1963 790 1959 760 1951 759 1951 757 1951 756 1951 754 1951 739 1961 717 1954 716 1954 714 1954 713 1954 694 1961 663 1950 662 1950 661 1950 659 1950 593 1966 595 2005"/></Shape>
	    <String CONTENT="Veonnanc de dermier votonte tomme Sui"
                    HPOS="593"
                    VPOS="1910"
                    WIDTH="1526"
                    HEIGHT="115"
                    WC="0.9771592069316555"></String>
          </TextLine>
          <TextLine ID="eSc_line_e6e6ca4e"
                    TAGREFS="LT317"
                    BASELINE="2745 1968 2986 1968" 
                    HPOS="2745"
                    VPOS="1922"
                    WIDTH="241"
                    HEIGHT="68">
            <Shape><Polygon POINTS="2745 1981 2777 1990 2778 1990 2986 1981 2986 1968 2986 1922 2965 1922 2964 1922 2963 1922 2961 1922 2929 1941 2851 1941 2829 1928 2819 1922 2818 1922 2816 1922 2789 1922 2788 1922 2786 1922 2785 1922 2785 1923 2777 1930 2767 1940 2746 1932 2745 1968 2745 1981"/></Shape>
	    <String CONTENT="douner"
                    HPOS="2745"
                    VPOS="1922"
                    WIDTH="241"
                    HEIGHT="68"
                    WC="0.9945442875226339"></String>
          </TextLine>
          <TextLine ID="eSc_line_58872124"
                    TAGREFS="LT317"
                    BASELINE="2749 2041 2873 2036" 
                    HPOS="2748"
                    VPOS="2010"
                    WIDTH="125"
                    HEIGHT="99">
            <Shape><Polygon POINTS="2749 2041 2752 2109 2778 2109 2778 2108 2779 2108 2781 2108 2781 2107 2801 2085 2829 2056 2873 2052 2873 2036 2869 2010 2748 2020 2749 2041"/></Shape>
	    <String CONTENT="rou"
                    HPOS="2748"
                    VPOS="2010"
                    WIDTH="125"
                    HEIGHT="99"
                    WC="0.9988508224487305"></String>
          </TextLine>
          <TextLine ID="eSc_line_2b62d072"
                    TAGREFS="LT317"
                    BASELINE="745 2118 1462 2101 2253 2108 2479 2097 2581 2100" 
                    HPOS="743"
                    VPOS="2020"
                    WIDTH="1838"
                    HEIGHT="128">
            <Shape><Polygon POINTS="745 2118 745 2148 837 2148 837 2147 840 2147 893 2134 913 2142 914 2142 916 2142 1034 2133 1070 2141 1071 2141 1073 2141 1074 2141 1108 2129 1279 2133 1281 2133 1282 2133 1304 2123 1358 2129 1359 2129 1512 2120 1643 2120 1669 2129 1670 2129 1672 2129 1728 2123 1761 2136 1763 2136 1764 2136 1830 2123 1869 2130 1870 2130 1986 2123 2015 2133 2016 2133 2018 2133 2089 2120 2137 2137 2139 2137 2140 2138 2172 2138 2217 2138 2217 2137 2398 2136 2399 2136 2464 2118 2513 2131 2515 2131 2580 2134 2581 2100 2580 2039 2520 2023 2519 2023 2518 2023 2516 2023 2485 2032 2453 2020 2451 2020 2377 2020 2376 2020 2374 2020 2343 2031 2307 2025 2305 2025 2304 2025 2265 2041 2230 2045 2184 2049 2175 2045 2122 2021 2121 2021 2086 2021 2085 2021 2018 2023 2016 2023 1961 2045 1913 2025 1911 2025 1910 2025 1909 2025 1887 2035 1862 2024 1861 2024 1823 2024 1822 2024 1821 2024 1763 2049 1757 2053 1640 2053 1633 2050 1567 2025 1566 2025 1523 2025 1522 2025 1520 2025 1454 2053 1449 2056 1400 2056 1396 2053 1334 2028 1333 2028 1332 2028 1330 2028 1271 2049 1209 2032 1208 2032 1206 2032 1205 2032 1122 2057 1118 2058 1009 2058 942 2058 893 2038 892 2038 891 2038 865 2043 836 2032 834 2032 833 2032 832 2032 743 2060 745 2118"/></Shape>
	    <String CONTENT="Je demende tres huiblement Pardon adien, de toutes."
                    HPOS="743"
                    VPOS="2020"
                    WIDTH="1838"
                    HEIGHT="128"
                    WC="0.9749501978649813"></String>
          </TextLine>
        </TextBlock>
        <TextBlock HPOS="0"
                   VPOS="1768"
                   WIDTH="86"
                   HEIGHT="81"
                   ID="eSc_textblock_ec4db8b6"
                   TAGREFS="BT432">
          <Shape><Polygon POINTS="20 1768 86 1790 64 1849 0 1794 20 1768"/></Shape>
        </TextBlock>
        <TextBlock HPOS="82"
                   VPOS="1977"
                   WIDTH="81"
                   HEIGHT="115"
                   ID="eSc_textblock_c4fe7bc7"
                   TAGREFS="BT432">
          <Shape><Polygon POINTS="97 1977 163 2016 147 2092 82 2025 97 1977"/></Shape>
        </TextBlock>
        <TextBlock HPOS="143"
                   VPOS="2120"
                   WIDTH="9"
                   HEIGHT="32"
                   ID="eSc_textblock_cc58bf30"
                   TAGREFS="BT432">
          <Shape><Polygon POINTS="147 2120 152 2147 143 2152 143 2120 147 2120"/></Shape>
        </TextBlock>
        <TextBlock HPOS="198"
                   VPOS="473"
                   WIDTH="43"
                   HEIGHT="48"
                   ID="eSc_textblock_46f8024e"
                   TAGREFS="BT432">
          <Shape><Polygon POINTS="213 473 241 495 219 521 198 505 213 473"/></Shape>
        </TextBlock>
        <TextBlock HPOS="407"
                   VPOS="2126"
                   WIDTH="70"
                   HEIGHT="87"
                   ID="eSc_textblock_0eb5944d"
                   TAGREFS="BT432">
          <Shape><Polygon POINTS="439 2126 466 2126 477 2191 424 2213 407 2159 439 2126"/></Shape>
        </TextBlock>
        <TextBlock HPOS="11"
                   VPOS="2120"
                   WIDTH="31"
                   HEIGHT="120"
                   ID="eSc_textblock_dcddb602"
                   TAGREFS="BT432">
          <Shape><Polygon POINTS="20 2120 42 2137 37 2229 11 2240 20 2120"/></Shape>
        </TextBlock>
        <TextBlock HPOS="2931"
                   VPOS="2275"
                   WIDTH="37"
                   HEIGHT="42"
                   ID="eSc_textblock_2954eaf8"
                   TAGREFS="BT432">
          <Shape><Polygon POINTS="2946 2275 2968 2295 2936 2317 2931 2291 2946 2275"/></Shape>
        </TextBlock>
      </PrintSpace>
    </Page>
  </Layout>
</alto>
