2667 2479
1205 4 175 77 det /

1398 5 40 19 1

651 6 532 112 mon habitation

1785 8 330 62 parteuo

2168 13 490 102 Contraires de

657 33 1058 196 pett attaches, et loites autres a

1603 85 562 129 et Leuus set aves

650 172 928 148 dicetse, Jusqua Aequils nay

661 267 862 142 ma Legataire uinverfelle

805 409 392 137 Muise fut

1241 234 1413 248 lit dicte et nomme par le S^t testateur

2085 362 577 120 d a  M Francçois

666 442 1394 198 ie Jean pierre Ruffray notaire Senegne

647 490 2015 266 pezes de Julliat Eitoyen de taville du pot tois y demeuvant

1851 578 795 162 Ju des Prefeutes et Jear

658 685 1152 160 trantporté Sur la e habitation aI

654 713 1966 257 Joseph oudot Citoyer de sette Jsle residant a trouvé sur

2106 840 555 122 et enteurs Pretu

657 917 1417 148 lac habitatier temoin pour Ce appesles

661 977 1985 197 lu mot a mot par led notaire aud Ftestateur qui adit

666 1072 1974 197 avoir bien Entendus; que le present Coutient son ordonnante

665 1194 1916 180 de libse et dermere Volonté quil veut etre Exemte apres

666 1337 881 144 son deces ety a persisté.

819 1382 1799 185 Pait et leuu en Brevet Sur la Lequisihior dud testater

683 1469 1899 190 a Jote de soi Lit dans hade Chanstre, Petite reviere Canton

677 1564 1846 202 detu rivière noire à L'iste de france lan mil sept lent

683 1682 1883 167 quatrevingt douze le enze novembre, ieu heures du

683 1783 1875 143 matin; Les temoins ait signé avec led notaire, non lid

677 1874 1897 161 Plestateur qui a dectale ne seavoir ccure n signer et

1829 1990 74 49 ai

677 1972 1932 159 Ce Enquis. amsy signe, auffray  Grezis et Jean Josph

687 2087 1900 134 ondot. Slus bas ett ccrnt Controtté au port Louis este

2598 2043 13 160 1

90 1889 40 50 195

144 2171 24 57 8

267 2177 106 63 8171
