2883 2479
753 247 483 102 Quelevingt deus

757 311 1915 151 dant ted terreu au la Censur et lecqueure de la majeste et

702 451 1944 105 vert sou dornane change de letdcent et redevances que les parter nou

698 549 2030 103 Lui dese e Dectarer mais franc et quelle des arrerages du pase

696 655 430 91 Julquel acu pur

785 729 1921 116 Caseuaser degis tait douchue le desaisedan poset dsst ton

696 831 1959 98 donataire de tour le déoite de poputeuerur ractont au tour e

714 922 1987 117 peteute qu'elle pouvoit avoir suvled Eerren voutant quilde sounf

703 1016 2090 128 une et mamteur le posemor acmte que dedroin consteluant acet Mit lou

710 1094 1170 120 proeur le pateut donant pouvoir da

913 1207 1858 141 Et pour faireaue saux F. Loie souslired une Mecler

743 1308 2047 162 Subrustane delle leur donne de pluu lex téte Déscloves lavoir tecurune

708 1411 2042 170 Serer de Paste Matgalle agd deragt der vann foudeur le N^e

687 1516 2106 173 dtabelle morambique ague desragt queleans et sou la fanteres age

701 1627 1895 167 de hor ous fauction mem ceste agée de ving diryant ue qrelle e

695 1714 2053 197 prilie, manre touse agee de quenteant bdenn hesente Et francond ereole

2655 1766 44 40 —

658 1806 624 93 Vage de livaul J.

814 1897 911 127 ette douaton aini faite pour la

701 2016 2007 228 aupd. deuchue les ruveaf ce acepte parlisiend aarteer e pereil

1735 1959 620 144 Doune anntre que la

699 2116 1124 116 pour lese Meneure desil it ett teteu

2403 2007 378 126 de le porte

895 2195 1297 205 et pour faire entinuer les pesent ou beson

714 2334 1113 127 cet effet le poureur auquelelte douxe

1873 2433 56 44 170

2278 2319 339 158 delle couslile
