3150 2479
837 1 1324 109 cette alar feure eupren dea fonn res

2582 118 303 92 atie

983 6 1908 266 Je dulare qu'un Everment aussi mpre su que Rumenf

873 176 1642 206 due procura en mils epcent Cimeqeante sept

820 238 2217 267 Creanciers qui sont MeM mari fraisinet lfils a tonsterdan

849 403 2112 211 dacidit comp a bar deaufquir meur a tribout per doucneat son

856 585 1043 110 base tretague, Ed puot a Meuue.

1055 644 1925 161 de Comptant pas me sexis danr celle Jle se vui par pres de

863 771 2088 122 Domments herles opfrération aue Javais Seregees Jusqué ce Devenement

875 882 2155 113 enoite que Je u renets par poutevement lemontont den Dcance que Je

873 961 2046 110 présieme Gelever et Douze a hure ille levier mannase frle plus ou

848 1046 2132 106 Juor. Jai touprer denre marquetted envers ces Gréaniire honiête, Sur

870 1136 2058 82 toul avee ceus d'amtterdant, mois mes desiett out teupours été rendus

862 1196 1162 72 vains par les olstactes que jai remontre

986 1250 1885 87 dai cousairé à cet acquittement te terrane Sir tequel Jereside

862 1323 2135 76 actuessement, Surtent depuis quil ay eveste ent Canal d'ant Peacu Se

863 1392 1930 76 decharge plus de Soixante toites en discendant Jerecommande

855 1452 2100 86 particutierem a mon Evecmteenr testammentaire tatreance de est ese

849 1512 279 88 Fraisserl

932 1561 2149 109 e sois Sur Cette prouriete à Mavaine Prieno une Sommme dequnze

862 1629 2254 124 Ceut Liores sout je lui ai paste obtigation devant le notaire toussignés

864 1684 2162 122 Je paye les interits enereux de dix tuunt pour cent par au Sur ce

837 1749 2012 113 Capitat que les Coutrarietés que jai eprouve, mout Jus quici

2917 1826 77 64 —

860 1816 722 79 uipecher de remboursir

880 1881 2201 140 Cop noir madecaste mon Esitave, vorter nmerete detry aftrancise, mois

863 1936 2223 179 Vévige que Cet acte de ma bienfaisance a Son egard nait lien que dazes

822 2014 2120 150 deur ous près mon deces, a fun que rnmon Execntenr testam entair

852 2078 1610 100 puissent dans Cet Ensaie de teys reconnoitre Si le d

2497 2160 150 55 Re2

856 2147 1650 113 a Se condeure de maniere a eriter ue faveur S

2712 2173 338 87 Toutunira

2524 2218 570 126 prretieuse a touts

933 2220 1562 104 Gepige que peudant les deux annes d'epreur

2505 2305 275 72 et reud

862 2280 1691 126 Eartement Compte de Ses travaux a mon Exeuteur

1851 2364 571 108 et quit ue Etrange

864 2350 981 75 quil lui euronmette les pre duils

2608 2377 364 100 testansentor

369 2182 26 44 4
