3508 2329
1201 79 2244 270 Payer de la meme maniere au Cas du deces de

1174 266 2244 225 l'un des deux au Survivant au payement de laquelle

1150 450 2223 193 Somme le dit bien Sera affecté obligé et hipotheque

1162 563 2230 224 par privilege expressement resevrée Se reservant également

1143 763 2288 120 les Dits Sieur et dame donnateurs de continuer leur residence

1167 894 2243 170 Sur ladite habitation, quand ils le jugeront ncessaire ; Sobligeant

1171 1045 2291 176 ledit Sieur donnataire de le traiter toujours en bon fils tendre

1157 1169 2312 146 et respectueux. comme aussi d'en jamais exieger de la dite

1149 1314 2265 186 dame Sa mere aucun compte relatif a la Succession de feu

1167 1446 2247 226 le Sieur son pere dont le dit bien avoit ete acquis en

1168 1618 2275 148 parties des deniers qui en provenaient; de tout quoy le leg

1168 1786 1234 154 quitte et decharge entierement

1559 1867 1945 161 au moyen de quoy les dits Sieur et dames [[d]] qu

1184 2032 2213 145 donnateur transportant se dessessant de tout ce qe detient

1184 2150 2164 161 retate en faveur du dit sieur donnataire, voulant quil y

429 2045 726 109 donnataire en presence

417 2150 745 99 des Sieurs etienne broquet

407 2257 641 70 et mathusin Naye
